2588 4674
12 476 218 559 etum'essc
237 503 279 551 ac
299 472 339 549 in
353 476 526 553 Leibuitii
540 471 728 553 hermonis
742 454 1014 575 praestabilitas
1033 484 1096 571 sed

10 585 112 653 bene
135 576 385 655 annotandum
415 597 484 669 est,
522 606 564 651 ex
582 580 761 673 Spinozae
783 583 956 667 sententie
973 581 1115 673 'Douma

10 690 162 758 causam
183 685 313 755 mundi
335 685 591 757 immanentem
611 704 715 770 esse,
741 709 817 764 non
840 700 1095 775 transeuntem,

4 791 220 881 secundum
244 786 466 858 Leihnitium
492 810 578 857 vero
604 777 847 869 transeuntem
879 814 1023 885 quoque
1056 802 1093 865 et
1191 790 1202 809 ⁸
1242 786 1247 799 ’

10 891 368 984 supramundanum3
395 889 654 983 quamobrem
668 889 756 960 unio
769 890 1093 985 corporisetmen,
1120 956 1124 963 a

11 993 63 1063 tis
81 995 179 1085 apud
195 992 387 1086 Spiuozam
400 992 439 1063 iu
455 993 601 1071 essendo
616 989 686 1062 Dei
701 992 808 1079 inest,
834 995 929 1086 apud
944 993 1109 1093 Leibnis¹

12 1095 122 1165 tiuruv
131 1094 171 1164 in
185 1094 357 1189 sapientia
369 1092 456 1181 Dei,
481 1095 569 1165 alias
582 1093 796 1165 substantias
812 1095 975 1172 creantis.
1058 1104 1064 1117 '

65 1264 130 1345 D..
165 1260 237 1339 De
263 1238 779 1375 rogpitp‘onehunrunu.
845 1224 876 1251 '¹

120 1398 202 1493 linc
217 1423 330 1493 usque
347 1394 570 1470 Leibnitiuru
571 1400 851 1519 propositiones
873 1400 1093 1495 disquisitio

11 1526 153 1598 nesque
174 1503 445 1593 monadologiae
464 1501 654 1621 principiis
670 1503 863 1595 applicasse
885 1520 1092 1598 semperque
1126 1568 1135 1591 „
1169 1546 1175 1559 ·

12 1608 64 1676 ad
89 1630 132 1676 ea
151 1605 343 1726 respexisse
364 1604 592 1691 vidimus3
580 1630 651 1676 ram
678 1630 763 1675 veru
793 1605 833 1675 in
861 1608 1093 1705 sequentihus

13 1696 223 1801 saepissime
238 1703 325 1778 haec
341 1730 422 1777 eum
437 1706 544 1800 plane
561 1708 738 1797 negligere
759 1708 963 1799 apparebit,
995 1710 1093 1779 unde
1187 1740 1190 1753 ·

11 1813 196 1904 permulta
224 1809 354 1903 placita
380 1807 573 1902 proposita
591 1834 665 1878 nou
688 1810 805 1879 solum
824 1816 987 1881 externae
1009 1826 1094 1882 sunt

12 1912 246 1997 reflexionis,
271 1913 332 1983 sed
348 1913 455 1983 etiam
467 1912 736 2031 monadologiae
750 1913 856 2003 plane
872 1915 1062 1987 contraria.

119 2013 231 2109 Quod
249 2003 379 2085 attinet
400 2017 446 2087 ad
468 2014 713 2108 quaestionem
732 2015 775 2084 de
794 2016 999 2105 cognitione
1012 2011 1092 2087 hu-

14 2141 201 2204 manavue
214 2117 389 2206 integram
401 2116 624 2210 solidamque
631 2131 870 2208 exspectemus
881 2118 1094 2210 speculatio-

12 2244 117 2295 nem.
158 2211 378 2292 ‘leibnitius
402 2220 498 2291 euim
519 2215 613 2315 hauc
632 2232 709 2305 rem
733 2218 773 2303 in
796 2221 920 2290 ceteris
943 2219 1093 2312 scriptis,
1190 2245 1196 2263 ¹

11 2321 47 2392 si
65 2346 124 2392 res
138 2321 226 2407 sert,
253 2321 376 2413 paucis
390 2321 549 2411 attingit,
580 2320 620 2391 iu
636 2321 730 2391 libro
748 2334 885 2407 autem,
916 2346 1026 2415 quem
1047 2323 1091 2409 de
1150 2354 1161 2365 ·

11 2422 231 2515 eosgnitinnc-
245 2419 402 2495 humana
425 2437 548 2495 eontra
563 2422 739 2495 Locklnm
762 2424 982 2543 perscripsit,
1014 2424 1092 2511 ma·

9 2526 72 2617 gis
96 2525 246 2596 destruit
267 2550 375 2620 quam
396 2549 489 2596 nova
513 2525 720 2610 construit,
747 2526 843 2595 viam
866 2526 1091 2618 potissimum

11 2621 286 2715 demonstrans,
343 2650 413 2721 qua
448 2627 592 2713 Lockii
609 2628 804 2729 sententiae
840 2629 1091 2725 disquirendae

12 2744 55 2800 et
74 2730 304 2820 corrigendae
323 2730 406 2804 sint
457 2727 533 2800 lam
557 2754 599 2800 ex
619 2720 775 2816 ratione,
809 2755 879 2825 que
901 2724 971 2802 hoc
994 2731 1090 2806 libro

12 2828 113 2903 hanc
135 2833 319 2902 difficilem
341 2833 498 2924 profecto
522 2854 733 2925 gravemque
754 2832 1023 2926 quaestionem
1017 2847 1090 2903 tra·

12 2948 110 3020 ctat,
134 2949 295 3028 apparet,
326 2948 476 3029 systema
491 2932 663 3007 Leibuitii
678 2958 752 3004 non
769 2935 840 3004 dici
855 2958 956 3026 posse
971 2935 1091 3021 excul-
1122 2931 1124 2935 ’

7 3052 98 3108 ,tum
111 3036 212 3113 omni
226 3060 268 3109 er
281 3050 392 3128 parte.
433 3033 601 3131 Proprias
618 3036 876 3128 speculationes
892 3037 1091 3109 alienorum

11 3137 324 3232 propositionibus
338 3133 409 3230 hoc
422 3140 531 3209 rhodo
539 3138 748 3228 adiungere,
770 3152 806 3209 et
819 3138 1090 3211 commodius-et

13 3241 211 3313 iucundius
230 3263 320 3326 esse,
342 3235 578 3333 philosophus
593 3254 715 3311 noster
731 3241 899 3326 affismat,
925 3265 1032 3335 quam
1049 3264 1091 3321 ex
1117 3280 1133 3305 :-
1161 3255 1165 3263 ’
1239 3228 1242 3235 ⁴

10 3343 166 3436 proprio
187 3344 419 3417 fundamento
442 3365 534 3435 opus
548 3344 654 3436 plane
669 3364 804 3415 novum
819 3357 1022 3425 construere
1035 3337 1090 3437 Ψ).

14 3447 68 3516 At
92 3446 183 3515 talis
198 3440 446 3537 philosophiae
474 3446 662 3538 expositio,
700 3446 906 3538 praesertim
936 3469 1018 3516 cum
1048 3440 1090 3515 hi

13 3541 250 3649 philosophi
238 3570 278 3617 ru
292 3546 560 3619 fundamentis
548 3548 634 3641 rpsis
648 3547 873 3634 dissentiant,
900 3547 937 3616 ei
949 3560 1089 3621 tantum
1134 3628 1136 3639 ,

15 3636 205 3719 commoda
220 3662 256 3720 et
269 3649 426 3720 incunda
443 3673 517 3719 esse
532 3663 673 3742 potest,⁴
696 3650 795 3720 cuius
811 3647 1008 3720 sententiae
1024 3649 1089 3719 ad-

14 3730 89 3821 huc
106 3775 184 3822 non
198 3752 250 3824 ita
264 3752 434 3840 fundatae
454 3767 489 3825 et
497 3753 659 3822 excultae
673 3764 772 3837 sunt,
802 3764 844 3822 ut
859 3740 983 3821 intime
996 3751 1103 3821 intcr'

15 3876 52 3922 se
46 3847 298 3943 cohaereant3
326 3855 407 3924 etsi
419 3855 509 3929 alter
521 3854 685 3926 ordinem
701 3853 930 3949 expositionis
945 3852 1105 3939 alterius'

15 3955 200 4049 sequitur,
240 3978 395 4050 quocum
422 3957 474 4025 in‘
493 3956 678 4049 principiis
709 3956 889 4055 dissentit,
926 3956 1023 4050 quod
1050 3954 1089 4025 in

53 4189 349 4285 19)Rasp.Avantp1-.
369 4208 412 4262 pg.
426 4188 452 4243 8.
771 4263 795 4330 3
818 4230 839 4294 ik
