2588 4674
1084 202 1135 281 69

18 386 35 439 ὅ
56 377 148 450 teris
162 377 394 450 animalculis
400 379 632 452 seminalibus
647 382 755 451 talem
769 380 1042 457 destinationem
1061 398 1153 451 non¹

58 476 300 568 habentibus,
338 481 432 552 intre
456 485 607 587 gradum
628 498 776 555 naturae
798 482 985 554 sensitivae
1005 482 1138 555 substi-

60 582 159 653 tissa
165 583 442 669 dicendumst,
472 572 585 656 donec
599 609 664 676 per
684 585 847 671 ultimam
870 566 1137 678 conceptionem
1174 594 1178 599 '

61 709 86 755 a
102 685 227 758 ceteris
244 685 548 772 discernerentur,
579 687 758 780 simulque
780 702 909 780 corpus
929 687 1137 778 organicum

61 788 112 858 ad
125 788 275 878 figuram
287 782 481 869 humanam
494 789 765 879 disponeretur,
798 802 833 859 et
855 790 974 859 anirna
994 789 1071 867 eius
1091 789 1137 858 ad

61 891 217 987 gradum
231 882 481 965 rationalitatis
495 887 695 983 (ordinaria
711 914 757 981 an
776 890 1055 980 extraordinaria
1068 887 1138 961 Dei
1213 890 1217 895 ’
1248 936 1251 949 ·

63 990 273 1084 operatione
305 1016 380 1062 non
412 991 561 1088 definio)
594 988 811 1065 eveheretur.
843 1029 895 1046 -
951 991 1137 1062 Peccatum·
1259 994 1292 1071 ,¹

66 1088 242 1185 originale
265 1107 401 1179 tantam
422 1094 495 1164 vim
518 1089 645 1179 habet,
685 1107 726 1164 ut
751 1089 916 1164 homines
947 1096 1072 1164 reddat
1098 1095 1138 1162 in

54 1196 293 1268 naturalibus
307 1196 458 1282 debiles,
490 1196 530 1266 in
545 1196 790 1288 spiritualibus
802 1206 963 1266 mortuos
978 1209 1060 1267 ante
1079 1219 1138 1265 re-

66 1298 346 1391 generationem,
377 1298 558 1369 intellectu
580 1299 627 1368 ad
652 1298 851 1382 sensibilia,
888 1290 1069 1368 voluntate
1091 1300 1138 1367 ad

65 1395 224 1471 carnalia
245 1400 368 1474 versis.
418 1398 505 1469 Non
524 1412 642 1471 autern
661 1400 835 1490 originale
856 1413 1037 1490 peccatum
1057 1422 1138 1469 cor·

57 1518 207 1595 ruptam
236 1488 375 1590 genbris
401 1490 554 1571 humani
582 1524 731 1571 massam
755 1526 776 1571 a
797 1501 876 1578 Dei
889 1502 1138 1572 benevolentia

66 1605 261 1675 universali
277 1603 419 1718 penitus
429 1603 589 1674 'alienam
611 1603 739 1673 reddit.
788 1603 879 1674 Nam
900 1600 1138 1675 nihilominus
1179 1650 1188 1667 .

67 1708 117 1776 sic
131 1706 230 1778 Deus
246 1694 371 1775 dilexit
387 1708 586 1790 mundum,
611 1705 725 1776 licet
713 1730 753 1774 m
768 1706 892 1785 malo
880 1680 1069 1801 tacentem,
1095 1719 1138 1776 nt

65 1786 181 1879 lilium
197 1830 301 1878 suum
316 1807 541 1898 unigenitum
556 1832 622 1900 pro
639 1802 849 1941 hominibus
863 1786 987 1879 ιΙιιιίῑι
988 1804 1029 1901 ¹.)

142 1957 146 1967 ἱ
226 1980 391 2076 Reliquiae
405 1991 558 2053 divinoe
545 1993 708 2071 imaginis,
728 1991 816 2053 ideae
829 1999 860 2052 et
873 1990 1010 2054 libertos.

135 2128 146 2189 ,“
168 2110 359 2205 Reliquiae
373 2108 515 2179 divinae
528 2108 694 2198 imaginis
709 2092 907 2182 consistunt
925 2123 1001 2180 tam
1022 2111 1061 2180 in
1080 2111 1138 2182 lu·-
1157 2193 1160 2198 ,
1183 2130 1188 2141 ·

67 2215 165 2285 mine
179 2215 302 2283 innato
316 2211 569 2296 intellectuali,
600 2211 733 2283 scilicet
747 2212 791 2281 in
801 2211 895 2281 ideis
906 2212 1137 2305 incomplexis

68 2317 157 2387 etin
170 2314 398 2389 nascentibus
411 2315 498 2383 inde
519 2312 657 2386 notitiis
674 2314 879 2407 complexis,
912 2328 947 2384 et
965 2314 1005 2383 in
1027 2314 1138 2384 liber·
1239 2368 1243 2381 ,

68 2433 141 2491 tate
157 2418 344 2509 congenita
359 2416 572 2502 voluntatis,
593 2415 643 2487 ita
658 2431 699 2487 ut
713 2410 844 2503 homo,
874 2416 940 2487 etsi
955 2411 1052 2486 haud
1070 2418 1136 2486 du·
1207 2498 1210 2507 p

69 2522 129 2592 bie
150 2533 357 2613 peccaturus
379 2519 442 2605 sit,
472 2543 659 2611 nunquam
681 2533 801 2590 tamen
822 2518 1021 2589 necessario
1040 2542 1138 2588 com-

68 2623 185 2693 mittat
198 2618 296 2692 hunc
311 2634 430 2691 actum
444 2621 629 2712 peccandi,
652 2645 758 2714 quem
773 2619 973 2696 committit.
1010 2617 1140 2693 Liber-

68 2740 123 2796 tas
152 2737 287 2795 exemto
317 2733 369 2792 est
394 2737 467 2793 tarn
493 2747 513 2792 a
539 2725 743 2798 necessitate
769 2747 876 2817 quam
900 2746 922 2792 a
947 2722 1138 2799 coactione.

68 2825 317 2908 Necessitatem
331 2824 427 2894 enim
443 2848 518 2899 non
533 2824 619 2895 facit
638 2825 802 2896 futuritio
825 2824 1013 2895 veritatum
1022 2842 1043 2912 ;·
1058 2825 1140 2895 licet

69 2929 166 3020 enim
189 2929 393 3013 futurorum
416 2927 699 3017 contingentium
722 2928 771 2998 sit
791 2927 1024 2998 determinata
1045 2928 1139 2998 veri-

69 3047 141 3118 tas,
178 3030 354 3100 certitudo
377 3034 497 3101 taimen
520 3028 693 3100 obiectiva
719 3054 782 3099 sen
802 3029 1002 3100 infultbifis
1022 3026 1140 3100 detes

69 3131 219 3203 minatio
239 3132 414 3216 veritatis,
445 3155 541 3224 quae
548 3131 643 3202 illis
633 3145 740 3216 mest,
771 3131 920 3200 minime
936 3131 1139 3203 necessitate
1253 3198 1256 3203 ,

70 3234 322 3306 confundenda
338 3248 413 3304 est
399 3230 452 3329 ¹).
472 3274 524 3305 -ι-
574 3233 648 3304 Νιι
641 3234 897 3343 praescientia
914 3246 975 3303 aut
995 3258 1146 3326 precor..

69 3338 207 3409 dinatio
227 3333 297 3407 Dei
318 3336 562 3407 necessitatem
583 3318 751 3428 imponit,
789 3336 909 3406 licet
897 3357 975 3427 apsa
998 3358 1140 3430 quoque

67 3439 116 3511 sit
134 3439 348 3512 infallibilis.
386 3437 495 3508 Deus
516 3436 612 3506 enim
634 3438 725 3509 vidit
745 3461 801 3511 res
821 3438 862 3506 in
880 3437 969 3509 serie
987 3439 1141 3530 possibi-

24 3580 27 3585 ·
67 3543 159 3612 lium
175 3542 300 3627 ideali,
331 3542 454 3635 quales
473 3524 615 3611 intutae
634 3555 752 3627 erant,
781 3541 874 3611 etin
895 3540 939 3609 iis
958 3530 1159 3612 bominem
1274 3564 1276 3575 ¹

66 3646 180 3715 libere
202 3657 424 3736 peccantem,
457 3664 572 3761 neque
593 3638 701 3714 huius
722 3644 776 3715 rei
795 3642 899 3713 seriei
887 3642 1140 3715 decernendo

68 3746 293 3823 existentiam
312 3746 463 3817 mutavit
484 3746 538 3815 rei
557 3760 743 3830 naturam,
773 3761 857 3829 ant,
878 3747 974 3838 quod
998 3748 1141 3819 contin·
1210 3770 1220 3779 ·

104 3968 602 4148 ffipppfflmslgamls.
617 4007 659 4062 ιι.
672 4006 715 4067 ee.
728 4008 780 4062 m

166 4099 231 4133 ιι.
325 4117 332 4131 .
406 4106 439 4121 ..
488 4115 506 4131 ,,
