<?xml version="1.0" encoding="UTF-8"?>
<!DOCTYPE html PUBLIC "-//W3C//DTD XHTML 1.0 Transitional//EN"
    "http://www.w3.org/TR/xhtml1/DTD/xhtml1-transitional.dtd">
<html xmlns="http://www.w3.org/1999/xhtml" xml:lang="en" lang="en">
 <head>
  <title>
</title>
<meta http-equiv="Content-Type" content="text/html;charset=utf-8" />
  <meta name='ocr-system' content='tesseract 3.04.00' />
  <meta name='ocr-capabilities' content='ocr_page ocr_carea ocr_par ocr_line ocrx_word'/>
</head>
<body>
  <div class='ocr_page' id='page_1' title='image "./deleibnitiiphil00schagoog_0079.png"; bbox 0 0 2588 4674; ppageno 0'>
   <div class='ocr_carea' id='block_1_1' title="bbox 111 269 1260 730">
    <p class='ocr_par' dir='ltr' id='par_1_1' title="bbox 111 269 1260 730">
     <span class='ocr_line' id='line_1_1' title="bbox 137 269 378 349; baseline -0.037 0"><span class='ocrx_word' id='word_1_1' title='bbox 137 344 141 349; x_wconf 80' lang='grc'>,</span> <span class='ocrx_word' id='word_1_2' title='bbox 180 269 231 341; x_wconf 72' lang='lat' dir='ltr'><strong>db</strong></span> <span class='ocrx_word' id='word_1_3' title='bbox 352 320 354 327; x_wconf 71' lang='lat'><strong>,</strong></span> <span class='ocrx_word' id='word_1_4' title='bbox 376 304 378 315; x_wconf 76' lang='lat'>=</span> 
     </span>
     <span class='ocr_line' id='line_1_2' title="bbox 111 409 1260 534; baseline -0.001 -21"><span class='ocrx_word' id='word_1_5' title='bbox 111 430 113 434; x_wconf 6' lang='grc' dir='ltr'>ὗ</span> <span class='ocrx_word' id='word_1_6' title='bbox 162 428 584 513; x_wconf 81' lang='lat' dir='ltr'><strong>&#39;aeternarum·seu&#39;ideis</strong></span> <span class='ocrx_word' id='word_1_7' title='bbox 598 414 722 512; x_wconf 86' lang='lat' dir='ltr'><strong>divino</strong></span> <span class='ocrx_word' id='word_1_8' title='bbox 744 409 943 517; x_wconf 79' lang='lat' dir='ltr'><strong>intellectui</strong></span> <span class='ocrx_word' id='word_1_9' title='bbox 964 439 1260 534; x_wconf 71' lang='lat' dir='ltr'><strong>obversantibus)</strong></span> 
     </span>
     <span class='ocr_line' id='line_1_3' title="bbox 181 531 1260 640; baseline -0.003 -25"><span class='ocrx_word' id='word_1_10' title='bbox 181 540 317 615; x_wconf 84' lang='lat' dir='ltr'><strong>habent</strong></span> <span class='ocrx_word' id='word_1_11' title='bbox 332 543 374 612; x_wconf 79' lang='lat' dir='ltr'><strong>ex</strong></span> <span class='ocrx_word' id='word_1_12' title='bbox 390 544 540 614; x_wconf 79' lang='lat' dir='ltr'><strong>essentia</strong></span> <span class='ocrx_word' id='word_1_13' title='bbox 555 531 634 630; x_wconf 63' lang='lat' dir='ltr'><strong>sua}</strong></span> <span class='ocrx_word' id='word_1_14' title='bbox 667 534 751 614; x_wconf 82' lang='lat' dir='ltr'><strong>uam</strong></span> <span class='ocrx_word' id='word_1_15' title='bbox 766 545 861 640; x_wconf 84' lang='lat' dir='ltr'><strong>qnod</strong></span> <span class='ocrx_word' id='word_1_16' title='bbox 879 543 1098 615; x_wconf 79' lang='lat' dir='ltr'><strong>limitatione</strong></span> <span class='ocrx_word' id='word_1_17' title='bbox 1109 555 1260 627; x_wconf 80' lang='lat' dir='ltr'><strong>careret,</strong></span> 
     </span>
     <span class='ocr_line' id='line_1_4' title="bbox 167 643 1259 730; baseline 0.002 -14"><span class='ocrx_word' id='word_1_18' title='bbox 167 670 259 716; x_wconf 79' lang='lat' dir='ltr'><strong>non</strong></span> <span class='ocrx_word' id='word_1_19' title='bbox 274 661 444 730; x_wconf 89' lang='lat' dir='ltr'><strong>creatura,</strong></span> <span class='ocrx_word' id='word_1_20' title='bbox 459 646 521 725; x_wconf 82' lang='lat' dir='ltr'><strong>sed</strong></span> <span class='ocrx_word' id='word_1_21' title='bbox 535 643 632 716; x_wconf 87' lang='lat' dir='ltr'><strong>Deus</strong></span> <span class='ocrx_word' id='word_1_22' title='bbox 645 646 748 719; x_wconf 86' lang='lat' dir='ltr'><strong>foret.</strong></span> <span class='ocrx_word' id='word_1_23' title='bbox 802 643 974 719; x_wconf 87' lang='lat' dir='ltr'><strong>Limitata</strong></span> <span class='ocrx_word' id='word_1_24' title='bbox 989 658 1113 719; x_wconf 69' lang='lat' dir='ltr'><strong>autem¹</strong></span> <span class='ocrx_word' id='word_1_25' title='bbox 1122 646 1259 719; x_wconf 85' lang='lat' dir='ltr'><strong>dicitur</strong></span> 
     </span>
    </p>
   </div>
   <div class='ocr_carea' id='block_1_2' title="bbox 114 746 1259 951">
    <p class='ocr_par' dir='ltr' id='par_1_2' title="bbox 114 746 1259 943">
     <span class='ocr_line' id='line_1_5' title="bbox 114 746 1259 842; baseline 0 -23"><span class='ocrx_word' id='word_1_26' title='bbox 114 764 117 777; x_wconf 90' lang='grc'>’</span> <span class='ocrx_word' id='word_1_27' title='bbox 181 762 360 830; x_wconf 87' lang='lat' dir='ltr'><strong>creatura,</strong></span> <span class='ocrx_word' id='word_1_28' title='bbox 386 771 472 842; x_wconf 86' lang='lat' dir='ltr'><strong>qma</strong></span> <span class='ocrx_word' id='word_1_29' title='bbox 483 746 615 819; x_wconf 85' lang='lat' dir='ltr'><strong>hmrtes</strong></span> <span class='ocrx_word' id='word_1_30' title='bbox 629 772 692 817; x_wconf 89' lang='lat' dir='ltr'><strong>seu</strong></span> <span class='ocrx_word' id='word_1_31' title='bbox 704 747 875 818; x_wconf 87' lang='lat' dir='ltr'><strong>termmos</strong></span> <span class='ocrx_word' id='word_1_32' title='bbox 889 770 973 818; x_wconf 86' lang='lat' dir='ltr'><strong>suae</strong></span> <span class='ocrx_word' id='word_1_33' title='bbox 984 747 1259 838; x_wconf 82' lang='lat' dir='ltr'><strong>magmtudmu,</strong></span> 
     </span>
     <span class='ocr_line' id='line_1_6' title="bbox 149 846 1258 951; baseline 0.002 -31"><span class='ocrx_word' id='word_1_34' title='bbox 149 880 157 888; x_wconf 89' lang='lat'>·</span> <span class='ocrx_word' id='word_1_35' title='bbox 180 849 376 943; x_wconf 88' lang='lat' dir='ltr'><strong>potentiae,</strong></span> <span class='ocrx_word' id='word_1_36' title='bbox 402 849 569 920; x_wconf 78' lang='lat' dir='ltr'><strong>scientiae</strong></span> <span class='ocrx_word' id='word_1_37' title='bbox 584 864 619 919; x_wconf 87' lang='lat' dir='ltr'><strong>et</strong></span> <span class='ocrx_word' id='word_1_38' title='bbox 635 850 877 943; x_wconf 82' lang='lat' dir='ltr'><strong>cuiuscunque</strong></span> <span class='ocrx_word' id='word_1_39' title='bbox 892 849 1120 943; x_wconf 85' lang='lat' dir='ltr'><strong>perfectionis</strong></span> <span class='ocrx_word' id='word_1_40' title='bbox 1135 846 1258 951; x_wconf 69' lang='lat' dir='ltr'><strong>babet.</strong></span> 
     </span>
    </p>
   </div>
   <div class='ocr_carea' id='block_1_3' title="bbox 73 940 1257 1041">
    <p class='ocr_par' dir='ltr' id='par_1_3' title="bbox 73 940 1257 1041">
     <span class='ocr_line' id='line_1_7' title="bbox 73 940 1257 1041; baseline 0.004 -22"><span class='ocrx_word' id='word_1_41' title='bbox 73 948 126 1034; x_wconf 59' lang='grc' dir='ltr'><strong>Ὗ,</strong></span> <span class='ocrx_word' id='word_1_42' title='bbox 180 951 235 1024; x_wconf 90' lang='lat' dir='ltr'><strong>lta</strong></span> <span class='ocrx_word' id='word_1_43' title='bbox 250 952 524 1023; x_wconf 85' lang='lat' dir='ltr'><strong>fundamentum</strong></span> <span class='ocrx_word' id='word_1_44' title='bbox 538 952 624 1021; x_wconf 89' lang='lat' dir='ltr'><strong>mali</strong></span> <span class='ocrx_word' id='word_1_45' title='bbox 639 951 971 1070; x_wconf 81' lang='lat' dir='ltr'><strong>estnecessarium;</strong></span> <span class='ocrx_word' id='word_1_46' title='bbox 994 952 1056 1022; x_wconf 92' lang='lat' dir='ltr'><strong>sed</strong></span> <span class='ocrx_word' id='word_1_47' title='bbox 1080 940 1181 1024; x_wconf 79' lang='lat' dir='ltr'><strong>ortus</strong></span> <span class='ocrx_word' id='word_1_48' title='bbox 1203 964 1257 1023; x_wconf 88' lang='lat' dir='ltr'><strong>ta·</strong></span> 
     </span>
    </p>
   </div>
   <div class='ocr_carea' id='block_1_4' title="bbox 115 1053 1259 1669">
    <p class='ocr_par' dir='ltr' id='par_1_4' title="bbox 115 1053 1259 1669">
     <span class='ocr_line' id='line_1_8' title="bbox 163 1053 1259 1143; baseline 0.002 -21"><span class='ocrx_word' id='word_1_49' title='bbox 163 1078 263 1124; x_wconf 76' lang='lat' dir='ltr'><strong>‘men</strong></span> <span class='ocrx_word' id='word_1_50' title='bbox 284 1053 514 1143; x_wconf 76' lang='lat' dir='ltr'><strong>contingens3</strong></span> <span class='ocrx_word' id='word_1_51' title='bbox 557 1054 597 1122; x_wconf 90' lang='lat' dir='ltr'><strong>id</strong></span> <span class='ocrx_word' id='word_1_52' title='bbox 622 1067 690 1139; x_wconf 88' lang='lat' dir='ltr'><strong>est,</strong></span> <span class='ocrx_word' id='word_1_53' title='bbox 727 1055 964 1125; x_wconf 69' lang='lat' dir='ltr'><strong>necessarium</strong></span> <span class='ocrx_word' id='word_1_54' title='bbox 990 1067 1062 1141; x_wconf 83' lang='lat' dir='ltr'><strong>est,</strong></span> <span class='ocrx_word' id='word_1_55' title='bbox 1095 1068 1137 1125; x_wconf 89' lang='lat' dir='ltr'><strong>ut</strong></span> <span class='ocrx_word' id='word_1_56' title='bbox 1159 1054 1259 1141; x_wconf 77' lang='lat' dir='ltr'><strong>mala</strong></span> 
     </span>
     <span class='ocr_line' id='line_1_9' title="bbox 179 1132 1255 1248; baseline -0.002 -22"><span class='ocrx_word' id='word_1_57' title='bbox 179 1157 252 1226; x_wconf 89' lang='lat' dir='ltr'><strong>sint</strong></span> <span class='ocrx_word' id='word_1_58' title='bbox 273 1152 490 1248; x_wconf 53' lang='lat' dir='ltr'><strong>possibilia,</strong></span> <span class='ocrx_word' id='word_1_59' title='bbox 508 1169 543 1225; x_wconf 87' lang='lat' dir='ltr'><strong>et</strong></span> <span class='ocrx_word' id='word_1_60' title='bbox 568 1156 778 1246; x_wconf 87' lang='lat' dir='ltr'><strong>contingens</strong></span> <span class='ocrx_word' id='word_1_61' title='bbox 801 1170 871 1242; x_wconf 89' lang='lat' dir='ltr'><strong>est,</strong></span> <span class='ocrx_word' id='word_1_62' title='bbox 905 1169 946 1227; x_wconf 88' lang='lat' dir='ltr'><strong>ut</strong></span> <span class='ocrx_word' id='word_1_63' title='bbox 969 1156 1063 1225; x_wconf 88' lang='lat' dir='ltr'><strong>mala</strong></span> <span class='ocrx_word' id='word_1_64' title='bbox 1083 1132 1255 1233; x_wconf 75' lang='lat' dir='ltr'><strong>actualia:</strong></span> 
     </span>
     <span class='ocr_line' id='line_1_10' title="bbox 179 1254 1255 1351; baseline 0 -23"><span class='ocrx_word' id='word_1_65' title='bbox 179 1283 256 1329; x_wconf 93' lang='lat' dir='ltr'><strong>non</strong></span> <span class='ocrx_word' id='word_1_66' title='bbox 275 1258 484 1348; x_wconf 82' lang='lat' dir='ltr'><strong>contingens</strong></span> <span class='ocrx_word' id='word_1_67' title='bbox 499 1256 617 1328; x_wconf 88' lang='lat' dir='ltr'><strong>autem</strong></span> <span class='ocrx_word' id='word_1_68' title='bbox 633 1281 698 1351; x_wconf 88' lang='lat' dir='ltr'><strong>per</strong></span> <span class='ocrx_word' id='word_1_69' title='bbox 713 1254 939 1328; x_wconf 86' lang='lat' dir='ltr'><strong>harmoniam</strong></span> <span class='ocrx_word' id='word_1_70' title='bbox 953 1281 1074 1328; x_wconf 89' lang='lat' dir='ltr'><strong>rerum</strong></span> <span class='ocrx_word' id='word_1_71' title='bbox 1091 1273 1255 1351; x_wconf 84' lang='lat' dir='ltr'><strong>apoten-</strong></span> 
     </span>
     <span class='ocr_line' id='line_1_11' title="bbox 179 1360 1255 1454; baseline 0.001 -23"><span class='ocrx_word' id='word_1_72' title='bbox 179 1361 229 1431; x_wconf 89' lang='lat' dir='ltr'><strong>tia</strong></span> <span class='ocrx_word' id='word_1_73' title='bbox 247 1360 373 1429; x_wconf 82' lang='lat' dir='ltr'><strong>transit</strong></span> <span class='ocrx_word' id='word_1_74' title='bbox 394 1363 601 1447; x_wconf 89' lang='lat' dir='ltr'><strong>adactum,</strong></span> <span class='ocrx_word' id='word_1_75' title='bbox 634 1361 681 1429; x_wconf 91' lang='lat' dir='ltr'><strong>oh</strong></span> <span class='ocrx_word' id='word_1_76' title='bbox 704 1360 993 1432; x_wconf 85' lang='lat' dir='ltr'><strong>convenientiam</strong></span> <span class='ocrx_word' id='word_1_77' title='bbox 1015 1384 1097 1430; x_wconf 86' lang='lat' dir='ltr'><strong>cum</strong></span> <span class='ocrx_word' id='word_1_78' title='bbox 1118 1362 1255 1454; x_wconf 79' lang='lat' dir='ltr'><strong>optima</strong></span> 
     </span>
     <span class='ocr_line' id='line_1_12' title="bbox 115 1461 1254 1554; baseline 0.002 -22"><span class='ocrx_word' id='word_1_79' title='bbox 115 1466 117 1471; x_wconf 78' lang='grc'>’</span> <span class='ocrx_word' id='word_1_80' title='bbox 179 1487 299 1532; x_wconf 87' lang='lat' dir='ltr'><strong>rerum</strong></span> <span class='ocrx_word' id='word_1_81' title='bbox 322 1462 427 1547; x_wconf 84' lang='lat' dir='ltr'><strong>serie,</strong></span> <span class='ocrx_word' id='word_1_82' title='bbox 466 1462 568 1533; x_wconf 89' lang='lat' dir='ltr'><strong>cuius</strong></span> <span class='ocrx_word' id='word_1_83' title='bbox 594 1476 738 1554; x_wconf 78' lang='lat' dir='ltr'><strong>partem·</strong></span> <span class='ocrx_word' id='word_1_84' title='bbox 757 1462 852 1535; x_wconf 89' lang='lat' dir='ltr'><strong>facit.</strong></span> <span class='ocrx_word' id='word_1_85' title='bbox 911 1461 966 1532; x_wconf 90' lang='lat' dir='ltr'><strong>lta</strong></span> <span class='ocrx_word' id='word_1_86' title='bbox 988 1463 1084 1533; x_wconf 83' lang='lat' dir='ltr'><strong>bona</strong></span> <span class='ocrx_word' id='word_1_87' title='bbox 1101 1474 1254 1536; x_wconf 85' lang='lat' dir='ltr'><strong>‘erunta</strong></span> 
     </span>
     <span class='ocr_line' id='line_1_13' title="bbox 125 1558 1100 1669; baseline -0.001 -33"><span class='ocrx_word' id='word_1_88' title='bbox 125 1566 135 1583; x_wconf 86' lang='lat'><strong><em>‘</em></strong></span> <span class='ocrx_word' id='word_1_89' title='bbox 180 1565 305 1663; x_wconf 87' lang='lat' dir='ltr'><strong>divino</strong></span> <span class='ocrx_word' id='word_1_90' title='bbox 320 1565 459 1654; x_wconf 85' lang='lat' dir='ltr'><strong>vigore,</strong></span> <span class='ocrx_word' id='word_1_91' title='bbox 484 1565 579 1634; x_wconf 85' lang='lat' dir='ltr'><strong>mala</strong></span> <span class='ocrx_word' id='word_1_92' title='bbox 596 1589 617 1634; x_wconf 94' lang='lat' dir='ltr'><strong>a</strong></span> <span class='ocrx_word' id='word_1_93' title='bbox 633 1578 777 1658; x_wconf 83' lang='lat' dir='ltr'><strong>torpore</strong></span> <span class='ocrx_word' id='word_1_94' title='bbox 792 1558 973 1635; x_wconf 80' lang='lat' dir='ltr'><strong>creaturae</strong></span> <span class='ocrx_word' id='word_1_95' title='bbox 983 1560 1035 1662; x_wconf 80' lang='grc' dir='ltr'><strong>μ).</strong></span> <span class='ocrx_word' id='word_1_96' title='bbox 1098 1660 1100 1669; x_wconf 31' lang='lat'><strong>,</strong></span> 
     </span>
    </p>
   </div>
   <div class='ocr_carea' id='block_1_5' title="bbox 361 1752 835 1838">
    <p class='ocr_par' dir='ltr' id='par_1_5' title="bbox 361 1752 835 1838">
     <span class='ocr_line' id='line_1_14' title="bbox 361 1752 835 1838; baseline 0.015 -26"><span class='ocrx_word' id='word_1_97' title='bbox 361 1770 377 1837; x_wconf 59' lang='lat' dir='ltr'><em>j</em></span> <span class='ocrx_word' id='word_1_98' title='bbox 393 1752 442 1819; x_wconf 85' lang='lat' dir='ltr'><strong>De</strong></span> <span class='ocrx_word' id='word_1_99' title='bbox 462 1758 664 1838; x_wconf 80' lang='lat' dir='ltr'><strong>corruptione</strong></span> <span class='ocrx_word' id='word_1_100' title='bbox 684 1759 835 1836; x_wconf 67' lang='lat' dir='ltr'><strong>bumana.</strong></span> 
     </span>
    </p>
   </div>
   <div class='ocr_carea' id='block_1_6' title="bbox 79 1862 1262 3730">
    <p class='ocr_par' dir='ltr' id='par_1_6' title="bbox 107 1862 1257 2378">
     <span class='ocr_line' id='line_1_15' title="bbox 282 1862 1257 1962; baseline 0.004 -20"><span class='ocrx_word' id='word_1_101' title='bbox 282 1871 392 1962; x_wconf 82' lang='lat' dir='ltr'><strong>Quod</strong></span> <span class='ocrx_word' id='word_1_102' title='bbox 415 1887 533 1944; x_wconf 82' lang='lat' dir='ltr'><strong>autem</strong></span> <span class='ocrx_word' id='word_1_103' title='bbox 554 1862 738 1945; x_wconf 84' lang='lat' dir='ltr'><strong>bominem</strong></span> <span class='ocrx_word' id='word_1_104' title='bbox 759 1886 971 1955; x_wconf 85' lang='lat' dir='ltr'><strong>concurrere</strong></span> <span class='ocrx_word' id='word_1_105' title='bbox 997 1899 1075 1946; x_wconf 90' lang='lat' dir='ltr'><strong>non</strong></span> <span class='ocrx_word' id='word_1_106' title='bbox 1099 1875 1189 1953; x_wconf 73' lang='lat' dir='ltr'><strong>saus,</strong></span> <span class='ocrx_word' id='word_1_107' title='bbox 1210 1877 1257 1946; x_wconf 90' lang='lat' dir='ltr'><strong>ad</strong></span> 
     </span>
     <span class='ocr_line' id='line_1_16' title="bbox 179 1976 1255 2094; baseline 0.001 -48"><span class='ocrx_word' id='word_1_108' title='bbox 179 1989 339 2094; x_wconf 79' lang='lat' dir='ltr'><strong>peccata,</strong></span> <span class='ocrx_word' id='word_1_109' title='bbox 365 1976 523 2069; x_wconf 82' lang='lat' dir='ltr'><strong>adeoque</strong></span> <span class='ocrx_word' id='word_1_110' title='bbox 539 2000 614 2046; x_wconf 91' lang='lat' dir='ltr'><strong>non</strong></span> <span class='ocrx_word' id='word_1_111' title='bbox 629 1980 679 2048; x_wconf 89' lang='lat' dir='ltr'><strong>ita</strong></span> <span class='ocrx_word' id='word_1_112' title='bbox 692 1978 905 2070; x_wconf 88' lang='lat' dir='ltr'><strong>culpabilem</strong></span> <span class='ocrx_word' id='word_1_113' title='bbox 918 1979 1044 2048; x_wconf 90' lang='lat' dir='ltr'><strong>dicunt</strong></span> <span class='ocrx_word' id='word_1_114' title='bbox 1057 2001 1147 2064; x_wconf 85' lang='lat' dir='ltr'><strong>esse,</strong></span> <span class='ocrx_word' id='word_1_115' title='bbox 1173 2002 1255 2048; x_wconf 87' lang='lat' dir='ltr'><strong>cor-</strong></span> 
     </span>
     <span class='ocr_line' id='line_1_17' title="bbox 179 2074 1256 2174; baseline 0.002 -26"><span class='ocrx_word' id='word_1_116' title='bbox 179 2078 299 2170; x_wconf 88' lang='lat' dir='ltr'><strong>ruptio</strong></span> <span class='ocrx_word' id='word_1_117' title='bbox 324 2074 482 2149; x_wconf 85' lang='lat' dir='ltr'><strong>humana</strong></span> <span class='ocrx_word' id='word_1_118' title='bbox 505 2080 763 2150; x_wconf 87' lang='lat' dir='ltr'><strong>consideranda</strong></span> <span class='ocrx_word' id='word_1_119' title='bbox 784 2094 852 2167; x_wconf 82' lang='lat' dir='ltr'><strong>est3</strong></span> <span class='ocrx_word' id='word_1_120' title='bbox 883 2105 975 2174; x_wconf 88' lang='lat' dir='ltr'><strong>quae</strong></span> <span class='ocrx_word' id='word_1_121' title='bbox 1000 2094 1090 2150; x_wconf 89' lang='lat' dir='ltr'><strong>orta</strong></span> <span class='ocrx_word' id='word_1_122' title='bbox 1098 2093 1154 2159; x_wconf 75' lang='lat' dir='ltr'><strong>est</strong></span> <span class='ocrx_word' id='word_1_123' title='bbox 1177 2094 1256 2151; x_wconf 88' lang='lat' dir='ltr'><strong>tum</strong></span> 
     </span>
     <span class='ocr_line' id='line_1_18' title="bbox 174 2166 1255 2289; baseline 0.001 -40"><span class='ocrx_word' id='word_1_124' title='bbox 174 2205 201 2249; x_wconf 83' lang='lat' dir='ltr'><strong>a</strong></span> <span class='ocrx_word' id='word_1_125' title='bbox 219 2180 321 2289; x_wconf 87' lang='lat' dir='ltr'><strong>lapsu</strong></span> <span class='ocrx_word' id='word_1_126' title='bbox 330 2166 657 2275; x_wconf 85' lang='lat' dir='ltr'><strong>protoplastorum,</strong></span> <span class='ocrx_word' id='word_1_127' title='bbox 684 2196 763 2253; x_wconf 91' lang='lat' dir='ltr'><strong>tum</strong></span> <span class='ocrx_word' id='word_1_128' title='bbox 777 2207 798 2252; x_wconf 90' lang='lat' dir='ltr'><strong>a</strong></span> <span class='ocrx_word' id='word_1_129' title='bbox 814 2182 970 2280; x_wconf 82' lang='lat' dir='ltr'><strong>contagii</strong></span> <span class='ocrx_word' id='word_1_130' title='bbox 983 2182 1255 2275; x_wconf 79' lang='lat' dir='ltr'><strong>propagatione3</strong></span> 
     </span>
     <span class='ocr_line' id='line_1_19' title="bbox 107 2278 1256 2378; baseline 0.007 -32"><span class='ocrx_word' id='word_1_131' title='bbox 107 2336 116 2346; x_wconf 94' lang='lat'>.</span> <span class='ocrx_word' id='word_1_132' title='bbox 150 2330 152 2339; x_wconf 68' lang='lat'><strong>,</strong></span> <span class='ocrx_word' id='word_1_133' title='bbox 181 2306 284 2376; x_wconf 82' lang='lat' dir='ltr'><strong>causa</strong></span> <span class='ocrx_word' id='word_1_134' title='bbox 304 2280 442 2375; x_wconf 72' lang='lat' dir='ltr'><strong>lapsus,</strong></span> <span class='ocrx_word' id='word_1_135' title='bbox 472 2283 526 2353; x_wconf 88' lang='lat' dir='ltr'><strong>nti</strong></span> <span class='ocrx_word' id='word_1_136' title='bbox 549 2284 622 2352; x_wconf 89' lang='lat' dir='ltr'><strong>iam</strong></span> <span class='ocrx_word' id='word_1_137' title='bbox 646 2278 834 2371; x_wconf 50' lang='lat' dir='ltr'><strong>dictum(</strong></span> <span class='ocrx_word' id='word_1_138' title='bbox 821 2309 862 2354; x_wconf 86' lang='lat' dir='ltr'><strong>m</strong></span> <span class='ocrx_word' id='word_1_139' title='bbox 880 2284 1174 2378; x_wconf 86' lang='lat' dir='ltr'><strong>imperfectione</strong></span> <span class='ocrx_word' id='word_1_140' title='bbox 1162 2298 1256 2354; x_wconf 88' lang='lat' dir='ltr'><strong>mest</strong></span> 
     </span>
    </p>

    <p class='ocr_par' dir='ltr' id='par_1_7' title="bbox 79 2383 1262 3705">
     <span class='ocr_line' id='line_1_20' title="bbox 180 2383 1262 2482; baseline 0.004 -29"><span class='ocrx_word' id='word_1_141' title='bbox 180 2398 421 2455; x_wconf 85' lang='lat' dir='ltr'><strong>creaturarum</strong></span> <span class='ocrx_word' id='word_1_142' title='bbox 447 2387 631 2477; x_wconf 84' lang='lat' dir='ltr'><strong>originali,</strong></span> <span class='ocrx_word' id='word_1_143' title='bbox 668 2410 822 2481; x_wconf 90' lang='lat' dir='ltr'><strong>eumque</strong></span> <span class='ocrx_word' id='word_1_144' title='bbox 850 2388 962 2457; x_wconf 90' lang='lat' dir='ltr'><strong>velut</strong></span> <span class='ocrx_word' id='word_1_145' title='bbox 980 2383 1128 2482; x_wconf 84' lang='lat' dir='ltr'><strong>p&#39;bysico</strong></span> <span class='ocrx_word' id='word_1_146' title='bbox 1161 2411 1262 2457; x_wconf 85' lang='lat' dir='ltr'><strong>nexu</strong></span> 
     </span>
     <span class='ocr_line' id='line_1_21' title="bbox 122 2479 1256 2582; baseline 0.003 -27"><span class='ocrx_word' id='word_1_147' title='bbox 122 2479 125 2485; x_wconf 75' lang='grc'><strong>’</strong></span> <span class='ocrx_word' id='word_1_148' title='bbox 178 2502 365 2557; x_wconf 89' lang='lat' dir='ltr'><strong>consecuta</strong></span> <span class='ocrx_word' id='word_1_149' title='bbox 382 2501 434 2559; x_wconf 87' lang='lat' dir='ltr'><strong>est</strong></span> <span class='ocrx_word' id='word_1_150' title='bbox 446 2488 747 2581; x_wconf 88' lang='lat' dir='ltr'><strong>peccaminositas.</strong></span> <span class='ocrx_word' id='word_1_151' title='bbox 782 2488 994 2582; x_wconf 87' lang='lat' dir='ltr'><strong>Propagatio</strong></span> <span class='ocrx_word' id='word_1_152' title='bbox 1010 2488 1165 2578; x_wconf 84' lang='lat' dir='ltr'><strong>contagii</strong></span> <span class='ocrx_word' id='word_1_153' title='bbox 1178 2513 1256 2558; x_wconf 92' lang='lat' dir='ltr'><strong>non</strong></span> 
     </span>
     <span class='ocr_line' id='line_1_22' title="bbox 99 2589 1255 2685; baseline 0.004 -29"><span class='ocrx_word' id='word_1_154' title='bbox 99 2596 104 2609; x_wconf 91' lang='lat'><strong><em>‘</em></strong></span> <span class='ocrx_word' id='word_1_155' title='bbox 178 2589 360 2659; x_wconf 88' lang='lat' dir='ltr'><strong>videbitur</strong></span> <span class='ocrx_word' id='word_1_156' title='bbox 373 2591 593 2661; x_wconf 90' lang='lat' dir='ltr'><strong>commodius</strong></span> <span class='ocrx_word' id='word_1_157' title='bbox 608 2592 779 2683; x_wconf 83' lang='lat' dir='ltr'><strong>explicari</strong></span> <span class='ocrx_word' id='word_1_158' title='bbox 790 2615 907 2684; x_wconf 87' lang='lat' dir='ltr'><strong>posse,</strong></span> <span class='ocrx_word' id='word_1_159' title='bbox 931 2615 1039 2685; x_wconf 89' lang='lat' dir='ltr'><strong>quam</strong></span> <span class='ocrx_word' id='word_1_160' title='bbox 1055 2592 1255 2677; x_wconf 87' lang='lat' dir='ltr'><strong>statuendo,</strong></span> 
     </span>
     <span class='ocr_line' id='line_1_23' title="bbox 179 2686 1255 2783; baseline 0.007 -25"><span class='ocrx_word' id='word_1_161' title='bbox 179 2691 316 2759; x_wconf 89' lang='lat' dir='ltr'><strong>animas</strong></span> <span class='ocrx_word' id='word_1_162' title='bbox 348 2705 573 2783; x_wconf 88' lang='lat' dir='ltr'><strong>posterorum</strong></span> <span class='ocrx_word' id='word_1_163' title='bbox 605 2693 645 2760; x_wconf 90' lang='lat' dir='ltr'><strong>in</strong></span> <span class='ocrx_word' id='word_1_164' title='bbox 671 2686 811 2763; x_wconf 85' lang='lat' dir='ltr'><strong>Adamo</strong></span> <span class='ocrx_word' id='word_1_165' title='bbox 848 2693 920 2762; x_wconf 89' lang='lat' dir='ltr'><strong>iam</strong></span> <span class='ocrx_word' id='word_1_166' title='bbox 951 2694 1060 2763; x_wconf 74' lang='lat' dir='ltr'><strong>fuisse</strong></span> <span class='ocrx_word' id='word_1_167' title='bbox 1094 2694 1255 2767; x_wconf 84' lang='lat' dir='ltr'><strong>infectas.</strong></span> 
     </span>
     <span class='ocr_line' id='line_1_24' title="bbox 178 2791 1254 2884; baseline 0.002 -22"><span class='ocrx_word' id='word_1_168' title='bbox 178 2791 289 2880; x_wconf 87' lang='lat' dir='ltr'><strong>Quod</strong></span> <span class='ocrx_word' id='word_1_169' title='bbox 305 2806 347 2864; x_wconf 88' lang='lat' dir='ltr'><strong>ut</strong></span> <span class='ocrx_word' id='word_1_170' title='bbox 363 2794 583 2884; x_wconf 87' lang='lat' dir='ltr'><strong>intelligatur</strong></span> <span class='ocrx_word' id='word_1_171' title='bbox 601 2795 748 2881; x_wconf 85' lang='lat' dir='ltr'><strong>rectius,</strong></span> <span class='ocrx_word' id='word_1_172' title='bbox 782 2794 966 2865; x_wconf 89' lang='lat' dir='ltr'><strong>sciendum</strong></span> <span class='ocrx_word' id='word_1_173' title='bbox 991 2810 1043 2867; x_wconf 89' lang='lat' dir='ltr'><strong>est</strong></span> <span class='ocrx_word' id='word_1_174' title='bbox 1064 2818 1107 2864; x_wconf 83' lang='lat' dir='ltr'><strong>ex</strong></span> <span class='ocrx_word' id='word_1_175' title='bbox 1129 2818 1254 2865; x_wconf 86' lang='lat' dir='ltr'><strong>recen-</strong></span> 
     </span>
     <span class='ocr_line' id='line_1_25' title="bbox 178 2895 1254 2990; baseline 0.002 -26"><span class='ocrx_word' id='word_1_176' title='bbox 178 2895 314 2964; x_wconf 89' lang='lat' dir='ltr'><strong>tiorum</strong></span> <span class='ocrx_word' id='word_1_177' title='bbox 329 2897 524 2966; x_wconf 75' lang='lat' dir='ltr'><strong>obsc&#39;rvatis</strong></span> <span class='ocrx_word' id='word_1_178' title='bbox 538 2897 808 2990; x_wconf 89' lang='lat' dir='ltr'><strong>rationibusque</strong></span> <span class='ocrx_word' id='word_1_179' title='bbox 825 2919 1013 2989; x_wconf 88' lang='lat' dir='ltr'><strong>apparere,</strong></span> <span class='ocrx_word' id='word_1_180' title='bbox 1043 2895 1254 2968; x_wconf 84' lang='lat' dir='ltr'><strong>animalium</strong></span> 
     </span>
     <span class='ocr_line' id='line_1_26' title="bbox 179 2997 1254 3093; baseline 0.004 -28"><span class='ocrx_word' id='word_1_181' title='bbox 179 3009 215 3066; x_wconf 88' lang='lat' dir='ltr'><strong>et</strong></span> <span class='ocrx_word' id='word_1_182' title='bbox 228 2997 433 3089; x_wconf 78' lang='lat' dir='ltr'><strong>plantarum</strong></span> <span class='ocrx_word' id='word_1_183' title='bbox 448 2999 698 3068; x_wconf 82' lang='lat' dir='ltr'><strong>formationem</strong></span> <span class='ocrx_word' id='word_1_184' title='bbox 714 3023 789 3069; x_wconf 90' lang='lat' dir='ltr'><strong>non</strong></span> <span class='ocrx_word' id='word_1_185' title='bbox 803 3000 948 3091; x_wconf 88' lang='lat' dir='ltr'><strong>prodire</strong></span> <span class='ocrx_word' id='word_1_186' title='bbox 963 3001 1014 3069; x_wconf 64' lang='lat' dir='ltr'><strong>ex*</strong></span> <span class='ocrx_word' id='word_1_187' title='bbox 1027 3021 1142 3093; x_wconf 84' lang='lat' dir='ltr'><strong>massa</strong></span> <span class='ocrx_word' id='word_1_188' title='bbox 1164 3022 1254 3093; x_wconf 82' lang='lat' dir='ltr'><strong>qua-</strong></span> 
     </span>
     <span class='ocr_line' id='line_1_27' title="bbox 115 3095 1254 3193; baseline 0.005 -27"><span class='ocrx_word' id='word_1_189' title='bbox 115 3136 120 3155; x_wconf 73' lang='lat'><strong>,</strong></span> <span class='ocrx_word' id='word_1_190' title='bbox 179 3101 268 3179; x_wconf 64' lang='lat' dir='ltr'><strong>dam,</strong></span> <span class='ocrx_word' id='word_1_191' title='bbox 283 3095 448 3183; x_wconf 61' lang='lat' dir='ltr'><strong>confusa,</strong></span> <span class='ocrx_word' id='word_1_192' title='bbox 489 3103 551 3170; x_wconf 88' lang='lat' dir='ltr'><strong>sed</strong></span> <span class='ocrx_word' id='word_1_193' title='bbox 573 3125 615 3170; x_wconf 84' lang='lat' dir='ltr'><strong>ex</strong></span> <span class='ocrx_word' id='word_1_194' title='bbox 634 3122 783 3193; x_wconf 88' lang='lat' dir='ltr'><strong>corpore</strong></span> <span class='ocrx_word' id='word_1_195' title='bbox 805 3102 878 3170; x_wconf 90' lang='lat' dir='ltr'><strong>iam</strong></span> <span class='ocrx_word' id='word_1_196' title='bbox 903 3097 1072 3172; x_wconf 86' lang='lat' dir='ltr'><strong>nonnihil</strong></span> <span class='ocrx_word' id='word_1_197' title='bbox 1093 3100 1254 3192; x_wconf 82' lang='lat' dir='ltr'><strong>praefor-</strong></span> 
     </span>
     <span class='ocr_line' id='line_1_28' title="bbox 179 3201 1253 3277; baseline 0.006 -9"><span class='ocrx_word' id='word_1_198' title='bbox 179 3215 274 3269; x_wconf 90' lang='lat' dir='ltr'><strong>mato</strong></span> <span class='ocrx_word' id='word_1_199' title='bbox 288 3202 328 3268; x_wconf 91' lang='lat' dir='ltr'><strong>in</strong></span> <span class='ocrx_word' id='word_1_200' title='bbox 344 3203 478 3270; x_wconf 84' lang='lat' dir='ltr'><strong>semine</strong></span> <span class='ocrx_word' id='word_1_201' title='bbox 491 3204 623 3272; x_wconf 87' lang='lat' dir='ltr'><strong>latente</strong></span> <span class='ocrx_word' id='word_1_202' title='bbox 640 3217 675 3272; x_wconf 89' lang='lat' dir='ltr'><strong>et</strong></span> <span class='ocrx_word' id='word_1_203' title='bbox 690 3204 828 3274; x_wconf 89' lang='lat' dir='ltr'><strong>dudum</strong></span> <span class='ocrx_word' id='word_1_204' title='bbox 843 3204 1010 3277; x_wconf 89' lang='lat' dir='ltr'><strong>animato.</strong></span> <span class='ocrx_word' id='word_1_205' title='bbox 1047 3201 1153 3274; x_wconf 87' lang='lat' dir='ltr'><strong>Unde</strong></span> <span class='ocrx_word' id='word_1_206' title='bbox 1165 3228 1253 3274; x_wconf 89' lang='lat' dir='ltr'><strong>con-</strong></span> 
     </span>
     <span class='ocr_line' id='line_1_29' title="bbox 180 3304 1252 3397; baseline 0.007 -27"><span class='ocrx_word' id='word_1_207' title='bbox 180 3326 331 3396; x_wconf 85' lang='lat' dir='ltr'><strong>sequens</strong></span> <span class='ocrx_word' id='word_1_208' title='bbox 357 3317 424 3389; x_wconf 88' lang='lat' dir='ltr'><strong>est,</strong></span> <span class='ocrx_word' id='word_1_209' title='bbox 465 3312 504 3373; x_wconf 83' lang='lat' dir='ltr'><strong>vr</strong></span> <span class='ocrx_word' id='word_1_210' title='bbox 493 3304 785 3375; x_wconf 86' lang='lat' dir='ltr'><strong>&#39;benedictionis</strong></span> <span class='ocrx_word' id='word_1_211' title='bbox 815 3306 974 3376; x_wconf 89' lang='lat' dir='ltr'><strong>divinae</strong></span> <span class='ocrx_word' id='word_1_212' title='bbox 990 3319 1025 3376; x_wconf 89' lang='lat' dir='ltr'><strong>et</strong></span> <span class='ocrx_word' id='word_1_213' title='bbox 1051 3305 1252 3397; x_wconf 85' lang='lat' dir='ltr'><strong>primaevae</strong></span> 
     </span>
     <span class='ocr_line' id='line_1_30' title="bbox 179 3404 1254 3501; baseline 0.005 -27"><span class='ocrx_word' id='word_1_214' title='bbox 179 3405 342 3474; x_wconf 88' lang='lat' dir='ltr'><strong>omnium</strong></span> <span class='ocrx_word' id='word_1_215' title='bbox 363 3407 560 3477; x_wconf 86' lang='lat' dir='ltr'><strong>viventium</strong></span> <span class='ocrx_word' id='word_1_216' title='bbox 583 3408 785 3478; x_wconf 83' lang='lat' dir='ltr'><strong>rudimenta</strong></span> <span class='ocrx_word' id='word_1_217' title='bbox 811 3411 986 3501; x_wconf 88' lang='lat' dir='ltr'><strong>quaedam</strong></span> <span class='ocrx_word' id='word_1_218' title='bbox 1010 3408 1177 3497; x_wconf 88' lang='lat' dir='ltr'><strong>organica</strong></span> <span class='ocrx_word' id='word_1_219' title='bbox 1201 3404 1254 3500; x_wconf 92' lang='lat' dir='ltr'><strong>(et</strong></span> 
     </span>
     <span class='ocr_line' id='line_1_31' title="bbox 177 3500 1253 3602; baseline 0.005 -26.009"><span class='ocrx_word' id='word_1_220' title='bbox 177 3532 245 3598; x_wconf 89' lang='lat' dir='ltr'><strong>pro</strong></span> <span class='ocrx_word' id='word_1_221' title='bbox 269 3500 484 3578; x_wconf 91' lang='lat' dir='ltr'><strong>animalibus</strong></span> <span class='ocrx_word' id='word_1_222' title='bbox 508 3508 655 3602; x_wconf 89' lang='lat' dir='ltr'><strong>quidem</strong></span> <span class='ocrx_word' id='word_1_223' title='bbox 678 3510 907 3596; x_wconf 87' lang='lat' dir='ltr'><strong>animalium,</strong></span> <span class='ocrx_word' id='word_1_224' title='bbox 931 3511 1015 3582; x_wconf 87' lang='lat' dir='ltr'><strong>licet</strong></span> <span class='ocrx_word' id='word_1_225' title='bbox 1029 3511 1253 3602; x_wconf 87' lang='lat' dir='ltr'><strong>imperfecto-</strong></span> 
     </span>
     <span class='ocr_line' id='line_1_32' title="bbox 79 3565 1252 3730; baseline 0.003 -52"><span class='ocrx_word' id='word_1_226' title='bbox 79 3644 82 3653; x_wconf 75' lang='lat'>=</span> <span class='ocrx_word' id='word_1_227' title='bbox 180 3634 281 3693; x_wconf 86' lang='lat' dir='ltr'><strong>rum,</strong></span> <span class='ocrx_word' id='word_1_228' title='bbox 304 3607 438 3704; x_wconf 86' lang='lat' dir='ltr'><strong>forma)</strong></span> <span class='ocrx_word' id='word_1_229' title='bbox 453 3611 660 3704; x_wconf 87' lang='lat' dir='ltr'><strong>animasque</strong></span> <span class='ocrx_word' id='word_1_230' title='bbox 674 3565 966 3730; x_wconf 80' lang='lat' dir='ltr'><strong>quodammodo</strong></span> <span class='ocrx_word' id='word_1_231' title='bbox 954 3636 1049 3705; x_wconf 74' lang='lat' dir='ltr'><strong>ipsas</strong></span> <span class='ocrx_word' id='word_1_232' title='bbox 1061 3613 1225 3682; x_wconf 89' lang='lat' dir='ltr'><strong>dudum&#39;</strong></span> <span class='ocrx_word' id='word_1_233' title='bbox 1211 3638 1252 3682; x_wconf 86' lang='grc' dir='ltr'><strong>ιιι</strong></span> 
     </span>
    </p>
   </div>
   <div class='ocr_carea' id='block_1_7' title="bbox 68 3713 1252 3813">
    <p class='ocr_par' dir='ltr' id='par_1_8' title="bbox 68 3713 1252 3813">
     <span class='ocr_line' id='line_1_33' title="bbox 68 3713 1252 3813; baseline 0.009 -40"><span class='ocrx_word' id='word_1_234' title='bbox 68 3764 72 3773; x_wconf 86' lang='grc'><em>.</em></span> <span class='ocrx_word' id='word_1_235' title='bbox 179 3713 396 3803; x_wconf 90' lang='lat' dir='ltr'><strong>protoplasto</strong></span> <span class='ocrx_word' id='word_1_236' title='bbox 413 3713 594 3813; x_wconf 88' lang='lat' dir='ltr'><strong>cuiusque</strong></span> <span class='ocrx_word' id='word_1_237' title='bbox 598 3714 736 3804; x_wconf 73' lang='lat' dir='ltr'><strong>generis</strong></span> <span class='ocrx_word' id='word_1_238' title='bbox 749 3713 939 3801; x_wconf 83' lang='lat' dir='ltr'><strong>exstitisse,</strong></span> <span class='ocrx_word' id='word_1_239' title='bbox 969 3739 1059 3808; x_wconf 89' lang='lat' dir='ltr'><strong>quae</strong></span> <span class='ocrx_word' id='word_1_240' title='bbox 1078 3716 1145 3784; x_wconf 88' lang='lat' dir='ltr'><strong>sub</strong></span> <span class='ocrx_word' id='word_1_241' title='bbox 1162 3728 1252 3784; x_wconf 88' lang='lat' dir='ltr'><strong>tem-</strong></span> 
     </span>
    </p>
   </div>
   <div class='ocr_carea' id='block_1_8' title="bbox 80 3814 1252 4009">
    <p class='ocr_par' dir='ltr' id='par_1_9' title="bbox 80 3814 1252 4009">
     <span class='ocr_line' id='line_1_34' title="bbox 178 3814 1252 3912; baseline 0.005 -30"><span class='ocrx_word' id='word_1_242' title='bbox 178 3837 266 3904; x_wconf 86' lang='lat' dir='ltr'><strong>pore</strong></span> <span class='ocrx_word' id='word_1_243' title='bbox 287 3814 409 3883; x_wconf 88' lang='lat' dir='ltr'><strong>omnia</strong></span> <span class='ocrx_word' id='word_1_244' title='bbox 433 3816 691 3886; x_wconf 85' lang='lat' dir='ltr'><strong>evolverentur.</strong></span> <span class='ocrx_word' id='word_1_245' title='bbox 743 3815 814 3886; x_wconf 88' lang='lat' dir='ltr'><strong>Sed</strong></span> <span class='ocrx_word' id='word_1_246' title='bbox 833 3817 970 3890; x_wconf 87' lang='lat' dir='ltr'><strong>animas</strong></span> <span class='ocrx_word' id='word_1_247' title='bbox 987 3817 1252 3912; x_wconf 82' lang='lat' dir='ltr'><strong>animantiaque</strong></span> 
     </span>
     <span class='ocr_line' id='line_1_35' title="bbox 80 3908 1252 4009; baseline 0.007 -26"><span class='ocrx_word' id='word_1_248' title='bbox 80 3940 87 3959; x_wconf 67' lang='lat'>³</span> <span class='ocrx_word' id='word_1_249' title='bbox 126 3958 130 3966; x_wconf 76' lang='lat'><strong>,</strong></span> <span class='ocrx_word' id='word_1_250' title='bbox 180 3917 357 3987; x_wconf 88' lang='lat' dir='ltr'><strong>seminum</strong></span> <span class='ocrx_word' id='word_1_251' title='bbox 371 3910 540 3986; x_wconf 90' lang='lat' dir='ltr'><strong>humanis</strong></span> <span class='ocrx_word' id='word_1_252' title='bbox 555 3908 1054 4009; x_wconf 86' lang='lat' dir='ltr'><strong>corporibusdcstinatorum,</strong></span> <span class='ocrx_word' id='word_1_253' title='bbox 1076 3944 1161 4008; x_wconf 77' lang='lat' dir='ltr'><strong>cum</strong></span> <span class='ocrx_word' id='word_1_254' title='bbox 1174 3940 1252 3991; x_wconf 84' lang='lat' dir='ltr'><strong>cae-</strong></span> 
     </span>
    </p>
   </div>
   <div class='ocr_carea' id='block_1_9' title="bbox 217 4094 842 4231">
    <p class='ocr_par' dir='ltr' id='par_1_10' title="bbox 217 4094 842 4231">
     <span class='ocr_line' id='line_1_36' title="bbox 217 4094 842 4231; baseline -0.002 -34"><span class='ocrx_word' id='word_1_255' title='bbox 217 4144 260 4212; x_wconf 84' lang='lat'><strong>11)</strong></span> <span class='ocrx_word' id='word_1_256' title='bbox 278 4141 360 4199; x_wconf 86' lang='lat' dir='ltr'><strong>Tom.</strong></span> <span class='ocrx_word' id='word_1_257' title='bbox 376 4143 396 4197; x_wconf 91' lang='grc' dir='ltr'><strong>Ι’.</strong></span> <span class='ocrx_word' id='word_1_258' title='bbox 412 4160 490 4198; x_wconf 84' lang='lat' dir='ltr'><strong>causa</strong></span> <span class='ocrx_word' id='word_1_259' title='bbox 503 4142 556 4197; x_wconf 86' lang='lat' dir='ltr'><strong>Dei</strong></span> <span class='ocrx_word' id='word_1_260' title='bbox 574 4147 598 4210; x_wconf 39' lang='grc' dir='ltr'><strong>ιι</strong></span> <span class='ocrx_word' id='word_1_261' title='bbox 614 4143 657 4197; x_wconf 84' lang='grc'><strong>69.</strong></span> <span class='ocrx_word' id='word_1_262' title='bbox 666 4094 731 4231; x_wconf 29' lang='grc' dir='ltr'><strong>.72.Ι</strong></span> <span class='ocrx_word' id='word_1_263' title='bbox 837 4094 842 4106; x_wconf 40' lang='lat'><strong><em>¹</em></strong></span> 
     </span>
    </p>
   </div>
   <div class='ocr_carea' id='block_1_10' title="bbox 0 0 1298 4674">
    <p class='ocr_par' dir='ltr' id='par_1_11' title="bbox 0 0 1298 4674">
     <span class='ocr_line' id='line_1_37' title="bbox 0 0 1298 4674; baseline 0 0"><span class='ocrx_word' id='word_1_264' title='bbox 0 0 1298 4674; x_wconf 95' lang='lat' dir='ltr'><strong> </strong></span> 
     </span>
    </p>
   </div>
  </div>
 </body>
</html>
