2588 4674
11 437 312 527 possibilitatis
296 462 379 511 vero
394 404 649 515 demonstratio
662 435 824 511 addenda
836 454 889 525 est
903 412 1110 539 argumento

16 565 40 608 ιι
69 537 243 611 Cartesio
269 543 473 639 proposito,
512 556 553 615 ut
579 544 721 634 plenam
750 536 879 611 habeat
910 536 945 611 et
971 526 1110 613 mathe-

15 643 205 715 maticam
229 637 545 737 certitudinem'ff).
601 638 704 714 Nihil
716 656 843 713 ιιιιιιιι
862 639 933 715 Dei
958 643 1116 761 possibi-

15 742 175 817 litetem
191 746 355 836 impedit,
385 748 482 840 quod
505 732 661 816 limitrirn
683 767 805 837 expers
826 769 891 813 nec
913 742 1070 819 ullam
1045 740 1116 823 ιιεὲζ

16 847 217 934 gationem
242 872 307 917 nec
330 848 647 939 contradictionem
670 842 846 917 involvit⁷
846 842 892 943 );
933 828 1117 918 realitate}

17 972 187 1041 nempe,
220 974 305 1041 quas
318 975 442 1020 omnes
456 947 575 1020 Deus
565 975 603 1019 ιιι
617 974 653 1019 se
671 947 846 1067 continet,
878 934 1117 1085 perfectiones

17 1065 120 1193 sunt
136 1053 215 1120 sine
231 1052 304 1123 ulia
320 1038 520 1189 negatione

139 1253 334 1325 Videamus
347 1252 513 1355 primum,
538 1281 626 1325 num
641 1228 797 1327 defectn's
811 1250 1030 1344 ontologicae'
1046 1252 1107 1324 del
1160 1290 1166 1301 ·

19 1358 305 1428 monstrationis
319 1358 374 1443 iis,
396 1382 486 1451 quae
500 1358 627 1428 adiecit
639 1346 853 1465 Leibnitius,
870 1358 1040 1461 sublatus
1051 1348 1107 1463 sit.
1107 1392 1122 1463 ,¹

19 1457 134 1530 Deus
150 1461 330 1551 possibilis
342 1473 393 1530 est
407 1484 450 1530 ex
467 1459 543 1530 eius
557 1458 674 1545 sensu,
699 1461 797 1553 quod
805 1440 969 1529 continet
984 1446 1114 1529 omnes

21 1561 235 1647 realitates,
273 1586 363 1657 quae
381 1563 531 1639 nnllam
558 1563 749 1633 involvunt
779 1556 1108 1633 contradictionem.

21 1662 119 1736 Ut
105 1664 219 1754 rgitur
236 1660 426 1734 Anseimus
449 1678 484 1733 et
500 1662 683 1735 Cartesius
698 1664 745 1733 ab
770 1658 850 1732 idea
867 1648 940 1732 Dei
961 1664 1061 1732 ad
1030 1686 1112 1732 ems*

23 1766 260 1837 existentiam
276 1767 510 1850 concludunt,
541 1769 636 1859 quod
653 1764 731 1835 idea
738 1760 815 1834 'Dei
830 1765 1051 1836 existentiam
1066 1778 1109 1835 ut
1213 1754 1219 1775 '

22 1869 288 1958 perfectionem
304 1869 571 1959 complectatur,
601 1867 651 1938 ita
659 1866 868 1937 L'eibnitins
883 1867 1047 1936 similiter
1057 1868 1109 1936 ab

24 1970 114 2039 idea
132 1967 203 2039 Dei
218 1971 292 2039 eius
307 1970 577 2062 possibilitatem
591 1964 759 2042 derivat(
794 1966 916 2063 Itaque
931 1984 972 2041 ut
988 1970 1027 2038 in
1043 1968 1106 2039 itta
1155 1976 1157 1985 ’

27 2073 339 2142 ιιιιιιιιιιιιιιιὶοιιι
352 2068 554 2142 Οιιιιιίιιιιι
569 2072 649 2140 idea
662 2069 731 2141 Dei
750 2090 865 2163 neque
884 2071 1005 2155 minus
1030 2072 1107 2140 eins

26 2174 240 2263 existentia,
268 2174 400 2268 quippe
419 2197 510 2267 quae
527 2175 603 2265 ipsr
583 2173 733 2243 ideae
720 2173 824 2258 ausit,
852 2172 1110 2273 praesumitur,¹

25 2273 60 2346 Ι
62 2277 239 2347 eibnitius
254 2301 335 2346 cum
350 2277 430 2351 idea
443 2268 512 2346 Dei
526 2275 808 2394 possibilitatem
812 2298 971 2368 quoque,
998 2296 1110 2368 φιιιιι

27 2379 279 2449 demonstrare
293 2379 382 2463 vult,
402 2378 668 2470 praesumitoe
710 2372 861 2451 Deinde
876 2390 998 2446 autem
1006 2379 1104 2471 quod

28 2480 164 2554 attinet
176 2482 222 2551 ad
237 2480 573 2569 demonstrationem
585 2479 655 2552 Dei
669 2479 923 2572 possibilitatis,
947 2479 1107 2572 primum

29 2585 283 2653 annotandum
299 2596 361 2667 ιιι,
386 2582 593 2667 realitatem,
618 2580 706 2674 quae
721 2598 828 2669 sensu,
841 2583 892 2650 ita
904 2581 1003 2675 dicto
1016 2580 1107 2651 emi-

30 2686 139 2757 nenti
154 2698 195 2755 ut
210 2686 373 2755 absoluta
393 2698 428 2756 et
451 2683 590 2753 infinita
614 2683 783 2767 sumitur,
816 2683 916 2753 omni
940 2683 1108 2759 distincta
1139 2686 1146 2693 ’
1194 2752 1199 2775 ,

31 2787 291 2877 significatione
313 2787 413 2856 ac‘vi
432 2785 578 2877 privari.
641 2782 682 2855 Si
704 2784 845 2873 bonitas
865 2781 934 2853 Dei
954 2799 1107 2857 nonest
1153 2850 1155 2859 .

32 2890 180 2961 bonitas
202 2912 309 2957 sensu
328 2901 514 2973 consueto,
547 2887 608 2957 sed
626 2909 737 2957 sensu
757 2885 948 2975 eminenti
978 2887 1009 2955 si
1031 2911 1109 2979 non

33 2991 160 3080 differt
175 3016 195 3065 a
210 2990 362 3074 iustitia,
393 2991 455 3061 sed
470 2990 516 3059 ab
531 3013 571 3061 ea
586 3002 820 3081 temperatur,
852 3011 967 3082 neque
986 2989 1108 3071 minna

34 3093 173 3164 iustitia
194 3106 408 3210 temperatpr
430 3117 450 3163 a
472 3092 650 3175 bonitate,
688 3108 764 3177 non
786 3089 954 3182 amplius
963 3082 1116 3187 bonitas

34 3195 132 3265 hona
155 3218 270 3288 neque
293 3194 430 3273 iustitia
447 3193 538 3264 iusta
560 3202 626 3279 es‘t;
665 3206 700 3264 et
723 3191 773 3273 ita
792 3189 890 3263 Deus
909 3164 1107 3283 complexio
1132 3279 1144 3285 -

35 3297 200 3369 omnium
233 3294 434 3369 realitatum
466 3297 506 3365 fit
538 3319 691 3364 vacuum
719 3295 912 3388 quoddam
965 3292 1106 3389 Deinde

35 3422 122 3469 vero
147 3398 323 3469 realitates
347 3421 451 3467 sensu
474 3377 655 3469 distincto
662 3409 703 3468 et
717 3396 951 3481 determinato
973 3410 1105 3466 sumtas

36 3494 134 3571 haud
153 3501 262 3571 dubie
278 3500 348 3570 sibi
364 3496 774 3590 conuadteereapparet.
794 3536 844 3550 -
866 3495 994 3575 Deus
1001 3496 1105 3594 abso

35 3603 110 3673 iute
130 3603 306 3691 benignus
326 3626 401 3671 non
418 3624 495 3670 esse
506 3613 621 3709 potest
637 3600 821 3670 absolute
811 3599 1061 3689 iustissimus,
1070 3616 1106 3677 et
1182 3598 1189 3613 '

37 3704 85 3774 ita
100 3701 199 3775 Deus
214 3727 290 3776 non
307 3704 425 3775 solum
437 3692 563 3773 omnes
576 3702 752 3772 realitates
768 3701 943 3785 continet,
966 3703 1027 3771 sed
1046 3686 1106 3798 (ex

37 3829 120 3879 vera
134 3805 308 3898 Spinozae
322 3805 506 3889 sententia,
533 3827 676 3877 omnem
689 3803 1019 3875 determinationem
1026 3829 1106 3897 esse
1225 3860 1228 3869 ,

40 3903 278 4004 negationem)
293 3908 332 3991 fit
348 3907 443 3976 idem
458 3905 658 3998 complexio
669 3905 830 3975 omnium
846 3906 1092 3996 negationcun.

72 4134 116 4207 ιι)
134 4118 289 4208 nape‘pg.
301 4130 362 4188 ιοι,
432 4128 480 4205 ⁷⁷2
496 4126 583 4203 princ.
600 4128 681 4211 §.jen
