2588 4674
1045 238 1126 321 ,tt

33 413 174 491 ainore
187 415 256 491 Dei
270 432 307 489 et
319 418 364 489 ad
377 415 616 491 imitationem
628 398 811 510 quandam
823 413 967 499 divinae
984 412 1130 484 bonita-n
1162 490 1172 499 .
1193 392 1196 402 ’

33 521 91 590 tis
108 522 340 616 iustitiaeque
351 519 616 591 inflammamur
627 513 680 612 ¹⁹).
1121 532 1129 538 “

399 750 786 836 oleortu

100 904 389 997 rmusrrus
410 904 467 975 nv
486 882 859 979 munosomunu
878 902 1074 976 worrn,

19 1121 28 1129 ι
157 1031 385 1128 Quamquam
410 1032 588 1128 principia
613 1027 862 1126 philosophiae
880 1029 1131 1103 Leibnitianae

40 1159 139 1205 vere
155 1136 372 1227 speculativa
385 1135 458 1207 dici
470 1137 619 1222 debent,
644 1138 742 1230 quod
756 1135 795 1205 id
808 1149 937 1226 agunt,
952 1149 1009 1216 ‚ut
1022 1134 1127 1205 iden-

38 1237 137 1315 titas
152 1238 332 1328 cogitandi
347 1253 382 1310 et
397 1238 557 1326 essendi,¹
578 1263 669 1332 quae
683 1237 813 1308 veritas
828 1250 897 1322 est,
921 1237 1128 1329 explicetur,
1151 1306 1157 1317 ,

40 1340 228 1410 tamenin
241 1340 491 1431 monadologia
506 1342 581 1433 ipsa
596 1341 771 1434 quaedam
783 1364 1007 1433 nequaquam
1019 1338 1130 1406 modo

41 1440 272 1535 speculativo
280 1444 529 1523 ‚demonstrata
541 1443 657 1512 inesse
670 1442 845 1527 vidimus,
867 1455 909 1512 ut
922 1441 1129 1511 varietatem

41 1546 252 1617 monadum
275 1538 467 1637 earumque
489 1546 534 1615 ad
559 1545 792 1616 substantiam
813 1545 1012 1614 absolutam
1035 1538 1131 1613 tela-v
1179 1626 1182 1633 Δ
1209 1612 1211 1623 ,

43 1646 215 1731 tionem,
268 1669 359 1740 quae
392 1646 469 1738 ipsa
500 1647 668 1718 identitas
703 1646 842 1717 essendi
875 1660 911 1716 et
939 1644 1129 1736 cogitandi,

44 1772 234 1843 quamque
249 1748 493 1841 qualitativam
510 1749 753 1820 diversitatem
768 1749 977 1834 excludens,
999 1747 1127 1817 imme-

45 1852 152 1922 diata
166 1862 306 1921 tantum
321 1863 392 1937 est,
423 1875 500 1920 nou
520 1852 715 1922 necessario
740 1852 907 1937 deducta;
938 1849 1128 1942 praecipue

47 1966 174 2024 autem
187 1952 228 2021 in
244 1952 368 2022 ceteris
369 1946 630 2073 philosophiae
646 1954 808 2047 partibus
823 1961 966 2023 externa
982 1950 1129 2022 reflexio

46 2055 250 2147 praevalet,
282 2054 448 2146 inprimis
462 2056 560 2149 quod
574 2057 738 2126 formalia
753 2055 929 2151 principia
948 2054 1133 2125 inducun-

49 2170 133 2245 tur,
170 2180 261 2252 quae
284 2158 464 2250 quomodo
486 2182 569 2227 cum
590 2157 861 2257 monadologiae
883 2157 1108 2250 principiis
1093 2169 1128 2227 et
1223 2140 1232 2171 s

50 2259 151 2337 inter
164 2283 200 2329 se
216 2254 458 2379 cohaereant,
469 2284 544 2330 non
559 2261 770 2334 ostenditur.
822 2256 990 2331 Attamen
1007 2257 1128 2330 omnia

51 2375 177 2432 nostra
197 2361 383 2433 ratiocinia
402 2362 589 2455 principiis
609 2364 683 2433 illis
706 2361 998 2436 contradictionis
1019 2375 1053 2431 et
1067 2386 1129 2432 ra·
1175 2376 1179 2380 ’

52 2464 165 2538 tionis
183 2464 389 2559 sufficientis
410 2479 646 2556 superstructa
667 2489 740 2534 esse
760 2465 967 2538 affirmatur.
1019 2462 1129 2552 Quod

54 2590 142 2636 vero
166 2567 213 2639 ad
231 2546 384 2636 formant
406 2561 654 2659 philosophiae
668 2545 845 2638 Leibnitii
866 2562 1008 2653 attinet,
1039 2561 1128 2636 haec

54 2668 291 2738 nullomodo
325 2668 506 2763 systemati
533 2663 780 2762 philosophiae
810 2669 1027 2743 conveniens
1055 2668 1129 2739 dici

53 2782 190 2862 potest,
222 2770 298 2862 ipse
320 2771 439 2841 autem
459 2766 668 2844 methodum
688 2767 1002 2844 mathematicam
989 2796 1030 2841 ru
1045 2767 1128 2864 phi-

54 2867 220 2964 losophia
250 2867 416 2947 adhiberi
447 2876 670 2966 probaverat.
740 2872 816 2955 Has
845 2874 1010 2966 inprimis
1040 2876 1129 2944 duas
1233 2894 1238 2915 ¹

56 2976 264 3061 sententias,
300 2976 486 3049 deforma
517 2977 649 3048 scilicet
679 2973 924 3048 mathematica
955 2991 990 3047 et
1020 2978 1063 3046 de
1077 2979 1130 3049 'vi

54 3076 317 3170 principiorum
334 3079 570 3171 cognoscendi
581 3079 746 3151 Wolfius
759 3080 973 3172 amplectens
994 3091 1030 3150 et
1048 3093 1130 3152 tan-¹
1149 3140 1157 3165 ¹,
1190 3168 1194 3175 .

54 3204 165 3273 quam
177 3180 353 3272 principia
369 3178 506 3272 ponens
515 3182 630 3252 ‘totius
650 3182 918 3274 speculationis,
947 3182 1128 3272 integrum

54 3275 311 3373 philosophiae
318 3294 468 3376 systema
484 3307 696 3377 componere
707 3297 855 3354 conatus
870 3297 931 3357 est.
983 3281 1034 3356 Ut
1043 3309 1131 3355 vero

57 3407 100 3452 ex
113 3381 285 3454 Leibnitii
300 3379 528 3477 philosophia
521 3402 680 3506 partem
696 3385 800 3480 quasi
812 3410 889 3455 non
902 3382 1130 3480 philosophi-

57 3508 135 3556 cam
157 3485 202 3555 ad
231 3488 420 3557 formanda
448 3489 625 3581 principia
657 3488 844 3574 desumsit,
886 3488 936 3560 ita
957 3487 1131 3562 Leibnitii

58 3588 341 3708 speculationes
329 3613 369 3658 1n
385 3602 546 3660 externas
561 3615 740 3685 vanasque
756 3591 964 3661 reflexiones
985 3617 1138 3685 perver-

57 3689 113 3762 tit.
163 3687 257 3760 Cum
272 3690 369 3760 enim
383 3716 473 3761 num
487 3695 682 3764 monadum
696 3693 857 3764 omnium
870 3695 1049 3788 perceptio
1064 3698 1131 3764 ad-

57 3790 230 3862 mittenda
246 3792 308 3876 sit,
341 3794 497 3880 dubitet,
521 3792 695 3866 Leibnitii
709 3795 959 3879 fundamenta,
991 3821 1032 3867 ex
1047 3799 1147 3892 qui-

57 3894 125 3965 bus
147 3894 202 3962 nil
222 3894 340 3966 existit
363 3895 436 3966 nisi
457 3897 672 3968 substantiae
698 3890 756 3968 vel
772 3900 960 3987 monades,
994 3900 1033 3971 in
1048 3902 1179 3997 qui

57 4049 285 4067 Μ

94 4123 136 4191 19)
154 4120 245 4176 Tom.
250 4120 273 4178 l,
288 4141 367 4179 causa
382 4121 432 4178 Dei
451 4124 475 4191 §.
493 4124 549 4178 llo.
564 4119 623 4177 tta.
639 4122 697 4182 tat.
712 4123 773 4179 144.
