<?xml version="1.0" encoding="UTF-8"?>
<!DOCTYPE html PUBLIC "-//W3C//DTD XHTML 1.0 Transitional//EN"
    "http://www.w3.org/TR/xhtml1/DTD/xhtml1-transitional.dtd">
<html xmlns="http://www.w3.org/1999/xhtml" xml:lang="en" lang="en">
 <head>
  <title>
</title>
<meta http-equiv="Content-Type" content="text/html;charset=utf-8" />
  <meta name='ocr-system' content='tesseract 3.04.00' />
  <meta name='ocr-capabilities' content='ocr_page ocr_carea ocr_par ocr_line ocrx_word'/>
</head>
<body>
  <div class='ocr_page' id='page_1' title='image "./deleibnitiiphil00schagoog_0083.png"; bbox 0 0 2588 4674; ppageno 0'>
   <div class='ocr_carea' id='block_1_1' title="bbox 117 229 1260 513">
    <p class='ocr_par' dir='ltr' id='par_1_1' title="bbox 117 229 1260 498">
     <span class='ocr_line' id='line_1_1' title="bbox 176 229 226 305; baseline 0.08 -4"><span class='ocrx_word' id='word_1_1' title='bbox 176 229 226 305; x_wconf 70' lang='lat'>‘12</span> 
     </span>
     <span class='ocr_line' id='line_1_2' title="bbox 117 350 1260 513; baseline 0.004 -40"><span class='ocrx_word' id='word_1_2' title='bbox 117 359 193 456; x_wconf 28' lang='grc' dir='ltr'>ψ’</span> <span class='ocrx_word' id='word_1_3' title='bbox 175 404 291 498; x_wconf 90' lang='lat' dir='ltr'>posita</span> <span class='ocrx_word' id='word_1_4' title='bbox 312 417 382 513; x_wconf 80' lang='grc' dir='ltr'><strong>ιιι,</strong></span> <span class='ocrx_word' id='word_1_5' title='bbox 420 403 575 495; x_wconf 71' lang='lat' dir='ltr'>cognitio</span> <span class='ocrx_word' id='word_1_6' title='bbox 595 384 768 476; x_wconf 71' lang='lat' dir='ltr'>libertatis</span> <span class='ocrx_word' id='word_1_7' title='bbox 788 406 931 497; x_wconf 85' lang='lat' dir='ltr'>pendet</span> <span class='ocrx_word' id='word_1_8' title='bbox 999 350 1101 487; x_wconf 79' lang='grc' dir='ltr'><strong>Ιιιιι</strong></span> <span class='ocrx_word' id='word_1_9' title='bbox 1097 430 1187 497; x_wconf 73' lang='lat' dir='ltr'>reno</span> <span class='ocrx_word' id='word_1_10' title='bbox 1208 408 1260 477; x_wconf 82' lang='lat' dir='ltr'>ad</span> 
     </span>
    </p>
   </div>
   <div class='ocr_carea' id='block_1_2' title="bbox 28 500 1293 3974">
    <p class='ocr_par' dir='ltr' id='par_1_2' title="bbox 174 500 1260 599">
     <span class='ocr_line' id='line_1_3' title="bbox 174 500 1260 599; baseline 0.001 -22"><span class='ocrx_word' id='word_1_11' title='bbox 174 508 361 580; x_wconf 89' lang='lat' dir='ltr'>notionem</span> <span class='ocrx_word' id='word_1_12' title='bbox 356 500 508 577; x_wconf 83' lang='lat' dir='ltr'>liberae</span> <span class='ocrx_word' id='word_1_13' title='bbox 521 506 717 577; x_wconf 85' lang='lat' dir='ltr'>voluntatis</span> <span class='ocrx_word' id='word_1_14' title='bbox 730 508 903 599; x_wconf 84' lang='lat' dir='ltr'>pertinet,</span> <span class='ocrx_word' id='word_1_15' title='bbox 937 521 978 578; x_wconf 91' lang='lat' dir='ltr'>ut</span> <span class='ocrx_word' id='word_1_16' title='bbox 994 509 1028 578; x_wconf 89' lang='lat' dir='ltr'>ei</span> <span class='ocrx_word' id='word_1_17' title='bbox 1042 532 1119 581; x_wconf 90' lang='lat' dir='ltr'>non</span> <span class='ocrx_word' id='word_1_18' title='bbox 1138 508 1260 592; x_wconf 78' lang='lat' dir='ltr'>aliud,</span> 
     </span>
    </p>

    <p class='ocr_par' dir='ltr' id='par_1_3' title="bbox 111 600 1255 909">
     <span class='ocr_line' id='line_1_4' title="bbox 112 600 1255 709; baseline -0.004 -26"><span class='ocrx_word' id='word_1_19' title='bbox 112 665 115 683; x_wconf 89' lang='lat'><em>.</em></span> <span class='ocrx_word' id='word_1_20' title='bbox 174 600 271 680; x_wconf 60' lang='lat' dir='ltr'>§cd</span> <span class='ocrx_word' id='word_1_21' title='bbox 259 632 336 703; x_wconf 76' lang='lat' dir='ltr'>ipsa</span> <span class='ocrx_word' id='word_1_22' title='bbox 356 608 464 679; x_wconf 89' lang='lat' dir='ltr'>sibi</span> <span class='ocrx_word' id='word_1_23' title='bbox 453 610 523 701; x_wconf 89' lang='lat' dir='ltr'>1psi</span> <span class='ocrx_word' id='word_1_24' title='bbox 552 608 601 681; x_wconf 82' lang='lat' dir='ltr'>sit</span> <span class='ocrx_word' id='word_1_25' title='bbox 625 608 821 695; x_wconf 81' lang='lat' dir='ltr'>obiectum3</span> <span class='ocrx_word' id='word_1_26' title='bbox 861 633 904 679; x_wconf 84' lang='lat' dir='ltr'>ex</span> <span class='ocrx_word' id='word_1_27' title='bbox 923 609 1100 682; x_wconf 87' lang='lat' dir='ltr'>Leibnitii</span> <span class='ocrx_word' id='word_1_28' title='bbox 1127 626 1255 709; x_wconf 82' lang='lat' dir='ltr'>autem</span> 
     </span>
     <span class='ocr_line' id='line_1_5' title="bbox 111 710 1255 808; baseline 0 -26"><span class='ocrx_word' id='word_1_29' title='bbox 111 801 115 808; x_wconf 10' lang='grc' dir='ltr'><strong>ἡ</strong></span> <span class='ocrx_word' id='word_1_30' title='bbox 175 735 282 782; x_wconf 84' lang='lat' dir='ltr'>sensu</span> <span class='ocrx_word' id='word_1_31' title='bbox 296 735 374 781; x_wconf 89' lang='lat' dir='ltr'>non</span> <span class='ocrx_word' id='word_1_32' title='bbox 391 710 463 781; x_wconf 76' lang='lat' dir='ltr'>drea</span> <span class='ocrx_word' id='word_1_33' title='bbox 473 724 603 803; x_wconf 86' lang='lat' dir='ltr'>potest</span> <span class='ocrx_word' id='word_1_34' title='bbox 629 711 796 781; x_wconf 88' lang='lat' dir='ltr'>volumus</span> <span class='ocrx_word' id='word_1_35' title='bbox 814 711 925 798; x_wconf 87' lang='lat' dir='ltr'>velle,</span> <span class='ocrx_word' id='word_1_36' title='bbox 951 713 1012 782; x_wconf 90' lang='lat' dir='ltr'>sed</span> <span class='ocrx_word' id='word_1_37' title='bbox 1027 725 1166 783; x_wconf 89' lang='lat' dir='ltr'>tantum</span> <span class='ocrx_word' id='word_1_38' title='bbox 1182 738 1255 783; x_wconf 83' lang='lat' dir='ltr'>vo-</span> 
     </span>
     <span class='ocr_line' id='line_1_6' title="bbox 174 806 1253 909; baseline -0.002 -24"><span class='ocrx_word' id='word_1_39' title='bbox 174 816 296 885; x_wconf 84' lang='lat' dir='ltr'>lumus</span> <span class='ocrx_word' id='word_1_40' title='bbox 318 834 420 903; x_wconf 83' lang='lat' dir='ltr'>agere</span> <span class='ocrx_word' id='word_1_41' title='bbox 431 806 484 909; x_wconf 82' lang='lat'><strong>¹⁸.)</strong></span> <span class='ocrx_word' id='word_1_42' title='bbox 540 806 684 887; x_wconf 89' lang='lat' dir='ltr'>Deinde</span> <span class='ocrx_word' id='word_1_43' title='bbox 702 835 810 898; x_wconf 86' lang='lat' dir='ltr'>vero,</span> <span class='ocrx_word' id='word_1_44' title='bbox 842 836 1059 909; x_wconf 87' lang='lat' dir='ltr'>quamquam</span> <span class='ocrx_word' id='word_1_45' title='bbox 1081 809 1253 884; x_wconf 89' lang='lat' dir='ltr'>homines</span> 
     </span>
    </p>

    <p class='ocr_par' dir='ltr' id='par_1_4' title="bbox 171 908 1253 1110">
     <span class='ocr_line' id='line_1_7' title="bbox 174 908 1253 1034; baseline -0.001 -48"><span class='ocrx_word' id='word_1_46' title='bbox 174 941 196 986; x_wconf 89' lang='lat' dir='ltr'>a</span> <span class='ocrx_word' id='word_1_47' title='bbox 208 914 287 985; x_wconf 89' lang='lat' dir='ltr'>Deo</span> <span class='ocrx_word' id='word_1_48' title='bbox 303 908 379 985; x_wconf 78' lang='lat' dir='ltr'>solo</span> <span class='ocrx_word' id='word_1_49' title='bbox 394 914 594 984; x_wconf 88' lang='lat' dir='ltr'>libertatem</span> <span class='ocrx_word' id='word_1_50' title='bbox 610 928 836 1034; x_wconf 77' lang='lat' dir='ltr'>acceperunt,</span> <span class='ocrx_word' id='word_1_51' title='bbox 860 928 981 986; x_wconf 88' lang='lat' dir='ltr'>tamen</span> <span class='ocrx_word' id='word_1_52' title='bbox 995 941 1016 987; x_wconf 89' lang='lat' dir='ltr'>a</span> <span class='ocrx_word' id='word_1_53' title='bbox 1029 930 1158 987; x_wconf 88' lang='lat' dir='ltr'>natura</span> <span class='ocrx_word' id='word_1_54' title='bbox 1171 941 1253 986; x_wconf 88' lang='lat' dir='ltr'>non</span> 
     </span>
     <span class='ocr_line' id='line_1_8' title="bbox 171 1016 1253 1112; baseline 0.002 -26"><span class='ocrx_word' id='word_1_55' title='bbox 171 1017 281 1089; x_wconf 83' lang='lat' dir='ltr'>liberi</span> <span class='ocrx_word' id='word_1_56' title='bbox 296 1031 396 1112; x_wconf 88' lang='lat' dir='ltr'>sunt,</span> <span class='ocrx_word' id='word_1_57' title='bbox 424 1017 519 1086; x_wconf 90' lang='lat' dir='ltr'>sed</span> <span class='ocrx_word' id='word_1_58' title='bbox 508 1016 578 1109; x_wconf 74' lang='lat' dir='ltr'>ipsi</span> <span class='ocrx_word' id='word_1_59' title='bbox 601 1041 666 1110; x_wconf 88' lang='lat' dir='ltr'>per</span> <span class='ocrx_word' id='word_1_60' title='bbox 685 1017 910 1108; x_wconf 80' lang='lat' dir='ltr'>negationem</span> <span class='ocrx_word' id='word_1_61' title='bbox 931 1032 1081 1091; x_wconf 84' lang='lat' dir='ltr'>naturae</span> <span class='ocrx_word' id='word_1_62' title='bbox 1098 1018 1253 1089; x_wconf 86' lang='lat' dir='ltr'>liberta·</span> 
     </span>
    </p>

    <p class='ocr_par' dir='ltr' id='par_1_5' title="bbox 106 1110 1258 1501">
     <span class='ocr_line' id='line_1_9' title="bbox 106 1110 1251 1214; baseline -0.003 -22"><span class='ocrx_word' id='word_1_63' title='bbox 106 1110 113 1141; x_wconf 89' lang='lat'>&#39;</span> <span class='ocrx_word' id='word_1_64' title='bbox 174 1136 246 1214; x_wconf 89' lang='lat' dir='ltr'>tem</span> <span class='ocrx_word' id='word_1_65' title='bbox 265 1118 611 1213; x_wconf 49' lang='lat' dir='ltr'>acquirere&#39;delaeut.</span> <span class='ocrx_word' id='word_1_66' title='bbox 663 1117 772 1207; x_wconf 83' lang='lat' dir='ltr'>Quod</span> <span class='ocrx_word' id='word_1_67' title='bbox 792 1133 911 1190; x_wconf 88' lang='lat' dir='ltr'>autem</span> <span class='ocrx_word' id='word_1_68' title='bbox 928 1119 1129 1195; x_wconf 84' lang='lat' dir='ltr'>Leibnitius</span> <span class='ocrx_word' id='word_1_69' title='bbox 1153 1144 1251 1191; x_wconf 89' lang='lat' dir='ltr'>sem-</span> 
     </span>
     <span class='ocr_line' id='line_1_10' title="bbox 140 1220 1258 1316; baseline 0 -25"><span class='ocrx_word' id='word_1_70' title='bbox 140 1234 143 1241; x_wconf 83' lang='lat'>&#39;</span> <span class='ocrx_word' id='word_1_71' title='bbox 172 1247 237 1316; x_wconf 84' lang='lat' dir='ltr'>per</span> <span class='ocrx_word' id='word_1_72' title='bbox 250 1223 290 1290; x_wconf 90' lang='lat' dir='ltr'>in</span> <span class='ocrx_word' id='word_1_73' title='bbox 303 1220 456 1291; x_wconf 82' lang='lat' dir='ltr'>externis</span> <span class='ocrx_word' id='word_1_74' title='bbox 470 1222 577 1291; x_wconf 89' lang='lat' dir='ltr'>rebus</span> <span class='ocrx_word' id='word_1_75' title='bbox 590 1222 766 1291; x_wconf 85' lang='lat' dir='ltr'>rationem</span> <span class='ocrx_word' id='word_1_76' title='bbox 776 1221 893 1292; x_wconf 84' lang='lat' dir='ltr'>inesse</span> <span class='ocrx_word' id='word_1_77' title='bbox 906 1223 1089 1295; x_wconf 82' lang='lat' dir='ltr'><strong>electionis</strong></span> <span class='ocrx_word' id='word_1_78' title='bbox 1102 1222 1258 1295; x_wconf 86' lang='lat' dir='ltr'>nostrae</span> 
     </span>
     <span class='ocr_line' id='line_1_11' title="bbox 173 1318 1249 1416; baseline -0.002 -20"><span class='ocrx_word' id='word_1_79' title='bbox 173 1323 375 1407; x_wconf 81' lang='lat' dir='ltr'>contendit,</span> <span class='ocrx_word' id='word_1_80' title='bbox 415 1318 473 1392; x_wconf 91' lang='lat' dir='ltr'>his</span> <span class='ocrx_word' id='word_1_81' title='bbox 494 1318 863 1405; x_wconf 63' lang='lat' dir='ltr'>verbis‘hominema</span> <span class='ocrx_word' id='word_1_82' title='bbox 885 1338 1014 1395; x_wconf 84' lang='lat' dir='ltr'>natura</span> <span class='ocrx_word' id='word_1_83' title='bbox 1039 1349 1115 1394; x_wconf 90' lang='lat' dir='ltr'>non</span> <span class='ocrx_word' id='word_1_84' title='bbox 1141 1348 1249 1416; x_wconf 79' lang='lat' dir='ltr'>posse</span> 
     </span>
     <span class='ocr_line' id='line_1_12' title="bbox 171 1416 1249 1510; baseline 0 -12"><span class='ocrx_word' id='word_1_85' title='bbox 171 1416 439 1510; x_wconf 64' lang='lat' dir='ltr'>liberanter-i,</span> <span class='ocrx_word' id='word_1_86' title='bbox 452 1425 627 1498; x_wconf 81' lang='lat' dir='ltr'>affirmat.</span> <span class='ocrx_word' id='word_1_87' title='bbox 678 1424 818 1497; x_wconf 83' lang='lat' dir='ltr'>Deinde</span> <span class='ocrx_word' id='word_1_88' title='bbox 839 1422 907 1498; x_wconf 89' lang='lat' dir='ltr'>hae</span> <span class='ocrx_word' id='word_1_89' title='bbox 928 1425 967 1496; x_wconf 90' lang='lat' dir='ltr'>in</span> <span class='ocrx_word' id='word_1_90' title='bbox 991 1451 1031 1497; x_wconf 92' lang='lat' dir='ltr'>re</span> <span class='ocrx_word' id='word_1_91' title='bbox 1053 1427 1114 1501; x_wconf 74' lang='lat' dir='ltr'>nil.</span> <span class='ocrx_word' id='word_1_92' title='bbox 1128 1441 1249 1499; x_wconf 87' lang='lat' dir='ltr'>muta-</span> 
     </span>
    </p>

    <p class='ocr_par' dir='ltr' id='par_1_6' title="bbox 119 1522 1247 1620">
     <span class='ocr_line' id='line_1_13' title="bbox 119 1522 1247 1620; baseline -0.003 -18"><span class='ocrx_word' id='word_1_93' title='bbox 119 1529 142 1549; x_wconf 58' lang='lat'>*</span> <span class='ocrx_word' id='word_1_94' title='bbox 171 1545 248 1615; x_wconf 85' lang='lat' dir='ltr'>tur,</span> <span class='ocrx_word' id='word_1_95' title='bbox 281 1552 312 1597; x_wconf 79' lang='grc' dir='ltr'>ιι</span> <span class='ocrx_word' id='word_1_96' title='bbox 300 1527 507 1598; x_wconf 88' lang='lat' dir='ltr'>interdum</span> <span class='ocrx_word' id='word_1_97' title='bbox 522 1522 747 1598; x_wconf 78' lang='lat' dir='ltr'>harmoniam</span> <span class='ocrx_word' id='word_1_98' title='bbox 761 1528 1045 1620; x_wconf 87' lang='lat' dir='ltr'>praestabilitam</span> <span class='ocrx_word' id='word_1_99' title='bbox 1052 1543 1171 1619; x_wconf 83' lang='lat' dir='ltr'>urget,</span> <span class='ocrx_word' id='word_1_100' title='bbox 1204 1554 1247 1599; x_wconf 83' lang='lat' dir='ltr'>ex</span> 
     </span>
    </p>

    <p class='ocr_par' dir='ltr' id='par_1_7' title="bbox 80 1628 1248 1752">
     <span class='ocr_line' id='line_1_14' title="bbox 80 1628 1248 1752; baseline -0.002 -51"><span class='ocrx_word' id='word_1_101' title='bbox 80 1680 84 1685; x_wconf 86' lang='lat'><em>·</em></span> <span class='ocrx_word' id='word_1_102' title='bbox 172 1656 242 1752; x_wconf 78' lang='lat' dir='ltr'>qpa</span> <span class='ocrx_word' id='word_1_103' title='bbox 256 1630 297 1700; x_wconf 92' lang='lat' dir='ltr'>in</span> <span class='ocrx_word' id='word_1_104' title='bbox 310 1631 501 1701; x_wconf 86' lang='lat' dir='ltr'>monadem</span> <span class='ocrx_word' id='word_1_105' title='bbox 515 1628 570 1698; x_wconf 92' lang='lat' dir='ltr'>nil</span> <span class='ocrx_word' id='word_1_106' title='bbox 587 1629 783 1700; x_wconf 83' lang='lat' dir='ltr'>forinsecus</span> <span class='ocrx_word' id='word_1_107' title='bbox 796 1630 934 1717; x_wconf 85' lang='lat' dir='ltr'>influit,</span> <span class='ocrx_word' id='word_1_108' title='bbox 964 1655 1049 1702; x_wconf 90' lang='lat' dir='ltr'>nam</span> <span class='ocrx_word' id='word_1_109' title='bbox 1069 1632 1120 1702; x_wconf 89' lang='lat' dir='ltr'>ita</span> <span class='ocrx_word' id='word_1_110' title='bbox 1133 1633 1248 1724; x_wconf 78' lang='lat' dir='ltr'>passi-</span> 
     </span>
    </p>

    <p class='ocr_par' dir='ltr' id='par_1_8' title="bbox 34 1724 1293 3258">
     <span class='ocr_line' id='line_1_15' title="bbox 47 1724 1247 1805; baseline 0 -2"><span class='ocrx_word' id='word_1_111' title='bbox 47 1738 49 1743; x_wconf 77' lang='grc'>’</span> <span class='ocrx_word' id='word_1_112' title='bbox 170 1735 263 1805; x_wconf 87' lang='lat' dir='ltr'>vitas</span> <span class='ocrx_word' id='word_1_113' title='bbox 263 1724 478 1804; x_wconf 87' lang='lat' dir='ltr'>&#39;monadis</span> <span class='ocrx_word' id='word_1_114' title='bbox 467 1754 506 1800; x_wconf 89' lang='grc' dir='ltr'>ιιι</span> <span class='ocrx_word' id='word_1_115' title='bbox 524 1731 730 1803; x_wconf 84' lang='lat' dir='ltr'>ahsolutum</span> <span class='ocrx_word' id='word_1_116' title='bbox 750 1734 943 1804; x_wconf 86' lang='lat' dir='ltr'>terminum</span> <span class='ocrx_word' id='word_1_117' title='bbox 962 1733 1135 1805; x_wconf 84' lang='lat' dir='ltr'>translata</span> <span class='ocrx_word' id='word_1_118' title='bbox 1162 1736 1247 1803; x_wconf 74' lang='lat' dir='ltr'>tan-</span> 
     </span>
     <span class='ocr_line' id='line_1_16' title="bbox 171 1831 1246 1928; baseline -0.003 -20"><span class='ocrx_word' id='word_1_119' title='bbox 171 1851 250 1911; x_wconf 77' lang='lat' dir='ltr'>tum</span> <span class='ocrx_word' id='word_1_120' title='bbox 268 1849 349 1921; x_wconf 85' lang='lat' dir='ltr'>est,</span> <span class='ocrx_word' id='word_1_121' title='bbox 367 1847 402 1904; x_wconf 87' lang='lat' dir='ltr'>et</span> <span class='ocrx_word' id='word_1_122' title='bbox 422 1852 639 1928; x_wconf 90' lang='lat' dir='ltr'>quamquam</span> <span class='ocrx_word' id='word_1_123' title='bbox 658 1835 889 1927; x_wconf 79' lang='lat' dir='ltr'>praescientia</span> <span class='ocrx_word' id='word_1_124' title='bbox 907 1833 976 1906; x_wconf 91' lang='lat' dir='ltr'>Dei</span> <span class='ocrx_word' id='word_1_125' title='bbox 998 1836 1154 1907; x_wconf 84' lang='lat' dir='ltr'>libertati</span> <span class='ocrx_word' id='word_1_126' title='bbox 1173 1831 1246 1905; x_wconf 86' lang='lat' dir='ltr'>hu-</span> 
     </span>
     <span class='ocr_line' id='line_1_17' title="bbox 170 1934 1244 2035; baseline 0.002 -25.926"><span class='ocrx_word' id='word_1_127' title='bbox 170 1960 297 2009; x_wconf 81' lang='lat' dir='ltr'>manae</span> <span class='ocrx_word' id='word_1_128' title='bbox 317 1962 393 2011; x_wconf 88' lang='grc' dir='ltr'><strong>ιιοιι</strong></span> <span class='ocrx_word' id='word_1_129' title='bbox 414 1938 638 2035; x_wconf 77' lang='lat' dir='ltr'>adversatur,</span> <span class='ocrx_word' id='word_1_130' title='bbox 672 1938 803 2032; x_wconf 88' lang='lat' dir='ltr'>quippe</span> <span class='ocrx_word' id='word_1_131' title='bbox 826 1962 917 2032; x_wconf 89' lang='lat' dir='ltr'>quae</span> <span class='ocrx_word' id='word_1_132' title='bbox 939 1938 980 2007; x_wconf 92' lang='lat' dir='ltr'>in</span> <span class='ocrx_word' id='word_1_133' title='bbox 997 1934 1075 2008; x_wconf 89' lang='lat' dir='ltr'>Deo</span> <span class='ocrx_word' id='word_1_134' title='bbox 1097 1939 1244 2011; x_wconf 80' lang='lat' dir='ltr'>demum</span> 
     </span>
     <span class='ocr_line' id='line_1_18' title="bbox 104 2036 1245 2141; baseline 0 -31"><span class='ocrx_word' id='word_1_135' title='bbox 104 2040 114 2059; x_wconf 74' lang='lat'>⁸</span> <span class='ocrx_word' id='word_1_136' title='bbox 170 2066 255 2112; x_wconf 85' lang='lat' dir='ltr'>vera</span> <span class='ocrx_word' id='word_1_137' title='bbox 254 2052 307 2111; x_wconf 90' lang='lat' dir='ltr'>et</span> <span class='ocrx_word' id='word_1_138' title='bbox 323 2037 486 2141; x_wconf 76' lang='lat' dir='ltr'>concreta</span> <span class='ocrx_word' id='word_1_139' title='bbox 501 2039 563 2124; x_wconf 85' lang='lat' dir='ltr'>sit,</span> <span class='ocrx_word' id='word_1_140' title='bbox 593 2040 697 2110; x_wconf 85' lang='lat' dir='ltr'>aliter</span> <span class='ocrx_word' id='word_1_141' title='bbox 709 2063 767 2109; x_wconf 86' lang='lat' dir='ltr'>res</span> <span class='ocrx_word' id='word_1_142' title='bbox 783 2065 820 2110; x_wconf 85' lang='lat' dir='ltr'>se</span> <span class='ocrx_word' id='word_1_143' title='bbox 834 2036 942 2111; x_wconf 85' lang='lat' dir='ltr'>hahet</span> <span class='ocrx_word' id='word_1_144' title='bbox 956 2040 1071 2134; x_wconf 85' lang='lat' dir='ltr'>posita</span> <span class='ocrx_word' id='word_1_145' title='bbox 1087 2054 1245 2132; x_wconf 86' lang='lat' dir='ltr'>praesta-</span> 
     </span>
     <span class='ocr_line' id='line_1_19' title="bbox 169 2122 1244 2233; baseline -0.006 -16"><span class='ocrx_word' id='word_1_146' title='bbox 169 2145 274 2233; x_wconf 81' lang='lat' dir='ltr'>bilita</span> <span class='ocrx_word' id='word_1_147' title='bbox 288 2122 488 2215; x_wconf 78' lang='lat' dir='ltr'>harmonia.</span> <span class='ocrx_word' id='word_1_148' title='bbox 537 2140 631 2211; x_wconf 90' lang='lat' dir='ltr'>Nam</span> <span class='ocrx_word' id='word_1_149' title='bbox 655 2167 696 2212; x_wconf 83' lang='lat' dir='ltr'>ex</span> <span class='ocrx_word' id='word_1_150' title='bbox 716 2137 784 2213; x_wconf 87' lang='lat' dir='ltr'>hac</span> <span class='ocrx_word' id='word_1_151' title='bbox 798 2140 896 2214; x_wconf 87' lang='lat' dir='ltr'>Deus</span> <span class='ocrx_word' id='word_1_152' title='bbox 916 2167 992 2213; x_wconf 91' lang='lat' dir='ltr'>non</span> <span class='ocrx_word' id='word_1_153' title='bbox 1012 2142 1129 2213; x_wconf 90' lang='lat' dir='ltr'>solum</span> <span class='ocrx_word' id='word_1_154' title='bbox 1151 2142 1244 2211; x_wconf 83' lang='lat' dir='ltr'>vidit</span> 
     </span>
     <span class='ocr_line' id='line_1_20' title="bbox 51 2244 1242 2338; baseline 0 -22"><span class='ocrx_word' id='word_1_155' title='bbox 51 2254 55 2263; x_wconf 93' lang='grc'><strong>’</strong></span> <span class='ocrx_word' id='word_1_156' title='bbox 170 2270 227 2316; x_wconf 85' lang='lat' dir='ltr'>res</span> <span class='ocrx_word' id='word_1_157' title='bbox 249 2246 291 2315; x_wconf 87' lang='lat' dir='ltr'>in</span> <span class='ocrx_word' id='word_1_158' title='bbox 307 2245 397 2315; x_wconf 85' lang='lat' dir='ltr'>serie</span> <span class='ocrx_word' id='word_1_159' title='bbox 418 2244 680 2338; x_wconf 62' lang='lat' dir='ltr'>possibilium„</span> <span class='ocrx_word' id='word_1_160' title='bbox 703 2245 796 2314; x_wconf 90' lang='lat' dir='ltr'>sed</span> <span class='ocrx_word' id='word_1_161' title='bbox 784 2258 833 2324; x_wconf 85' lang='grc' dir='ltr'>ιιι</span> <span class='ocrx_word' id='word_1_162' title='bbox 852 2259 1020 2317; x_wconf 91' lang='lat' dir='ltr'>mutuum</span> <span class='ocrx_word' id='word_1_163' title='bbox 1045 2246 1242 2316; x_wconf 85' lang='lat' dir='ltr'>monadum</span> 
     </span>
     <span class='ocr_line' id='line_1_21' title="bbox 169 2346 1293 2443; baseline -0.001 -25"><span class='ocrx_word' id='word_1_164' title='bbox 169 2346 347 2419; x_wconf 82' lang='lat' dir='ltr'>influxum</span> <span class='ocrx_word' id='word_1_165' title='bbox 361 2348 514 2432; x_wconf 85' lang='lat' dir='ltr'>sustulit,</span> <span class='ocrx_word' id='word_1_166' title='bbox 538 2360 580 2417; x_wconf 90' lang='lat' dir='ltr'>ut</span> <span class='ocrx_word' id='word_1_167' title='bbox 592 2371 721 2441; x_wconf 79' lang='lat' dir='ltr'>curque</span> <span class='ocrx_word' id='word_1_168' title='bbox 733 2348 882 2418; x_wconf 88' lang='lat' dir='ltr'>monadi</span> <span class='ocrx_word' id='word_1_169' title='bbox 894 2361 1030 2419; x_wconf 85' lang='lat' dir='ltr'>certum</span> <span class='ocrx_word' id='word_1_170' title='bbox 1042 2347 1241 2440; x_wconf 86' lang='lat' dir='ltr'>perceptio·</span> <span class='ocrx_word' id='word_1_171' title='bbox 1292 2398 1293 2443; x_wconf 68' lang='lat'>3</span> 
     </span>
     <span class='ocr_line' id='line_1_22' title="bbox 117 2447 1293 2541; baseline -0.003 -20"><span class='ocrx_word' id='word_1_172' title='bbox 117 2494 119 2503; x_wconf 74' lang='lat'>‚</span> <span class='ocrx_word' id='word_1_173' title='bbox 156 2451 229 2521; x_wconf 85' lang='lat' dir='ltr'>&#39;nis</span> <span class='ocrx_word' id='word_1_174' title='bbox 249 2451 400 2541; x_wconf 81' lang='lat' dir='ltr'>gradum</span> <span class='ocrx_word' id='word_1_175' title='bbox 418 2450 602 2523; x_wconf 86' lang='lat' dir='ltr'>tribueret.</span> <span class='ocrx_word' id='word_1_176' title='bbox 669 2447 740 2519; x_wconf 90' lang='lat' dir='ltr'>Hic</span> <span class='ocrx_word' id='word_1_177' title='bbox 760 2472 848 2520; x_wconf 86' lang='lat' dir='ltr'>vero</span> <span class='ocrx_word' id='word_1_178' title='bbox 871 2460 987 2521; x_wconf 83' lang='lat' dir='ltr'>certus</span> <span class='ocrx_word' id='word_1_179' title='bbox 1011 2450 1140 2539; x_wconf 82' lang='lat' dir='ltr'>gradus</span> <span class='ocrx_word' id='word_1_180' title='bbox 1164 2474 1240 2519; x_wconf 87' lang='lat' dir='ltr'>non</span> <span class='ocrx_word' id='word_1_181' title='bbox 1292 2460 1293 2501; x_wconf 68' lang='lat' dir='ltr'>t</span> 
     </span>
     <span class='ocr_line' id='line_1_23' title="bbox 162 2552 1242 2645; baseline -0.003 -23"><span class='ocrx_word' id='word_1_182' title='bbox 162 2554 211 2622; x_wconf 85' lang='lat' dir='ltr'>in</span> <span class='ocrx_word' id='word_1_183' title='bbox 228 2553 418 2631; x_wconf 82' lang='lat' dir='ltr'>monadem</span> <span class='ocrx_word' id='word_1_184' title='bbox 439 2553 553 2645; x_wconf 87' lang='lat' dir='ltr'>ipsam</span> <span class='ocrx_word' id='word_1_185' title='bbox 577 2563 839 2644; x_wconf 69' lang='lat' dir='ltr'>reponentem,</span> <span class='ocrx_word' id='word_1_186' title='bbox 860 2554 921 2622; x_wconf 88' lang='lat' dir='ltr'>sed</span> <span class='ocrx_word' id='word_1_187' title='bbox 935 2566 1031 2623; x_wconf 79' lang='lat' dir='ltr'>extra</span> <span class='ocrx_word' id='word_1_188' title='bbox 1044 2574 1122 2633; x_wconf 83' lang='lat' dir='ltr'>eam</span> <span class='ocrx_word' id='word_1_189' title='bbox 1135 2552 1242 2641; x_wconf 79' lang='lat' dir='ltr'>cadit,</span> 
     </span>
     <span class='ocr_line' id='line_1_24' title="bbox 168 2654 1203 2750; baseline 0.003 -26"><span class='ocrx_word' id='word_1_190' title='bbox 168 2654 323 2750; x_wconf 85' lang='lat' dir='ltr'>ideoque</span> <span class='ocrx_word' id='word_1_191' title='bbox 328 2654 693 2745; x_wconf 78' lang='lat' dir='ltr'>praedestinationem</span> <span class='ocrx_word' id='word_1_192' title='bbox 706 2656 795 2747; x_wconf 88' lang='lat' dir='ltr'>poni</span> <span class='ocrx_word' id='word_1_193' title='bbox 810 2679 886 2725; x_wconf 90' lang='lat' dir='ltr'>non</span> <span class='ocrx_word' id='word_1_194' title='bbox 899 2667 1016 2747; x_wconf 89' lang='lat' dir='ltr'>potest</span> <span class='ocrx_word' id='word_1_195' title='bbox 1029 2678 1105 2724; x_wconf 89' lang='lat' dir='ltr'>non</span> <span class='ocrx_word' id='word_1_196' title='bbox 1119 2654 1203 2727; x_wconf 84' lang='lat' dir='ltr'>diei.</span> 
     </span>
     <span class='ocr_line' id='line_1_25' title="bbox 254 2752 1292 2851; baseline 0.004 -30"><span class='ocrx_word' id='word_1_197' title='bbox 254 2756 416 2828; x_wconf 56' lang='lat' dir='ltr'>⁴Praeter</span> <span class='ocrx_word' id='word_1_198' title='bbox 434 2758 532 2827; x_wconf 88' lang='lat' dir='ltr'>ideas</span> <span class='ocrx_word' id='word_1_199' title='bbox 550 2771 587 2827; x_wconf 84' lang='lat' dir='ltr'>et</span> <span class='ocrx_word' id='word_1_200' title='bbox 608 2757 826 2839; x_wconf 86' lang='lat' dir='ltr'>libertatem,</span> <span class='ocrx_word' id='word_1_201' title='bbox 858 2781 949 2851; x_wconf 87' lang='lat' dir='ltr'>quae</span> <span class='ocrx_word' id='word_1_202' title='bbox 962 2752 1103 2827; x_wconf 90' lang='lat' dir='ltr'>homini</span> <span class='ocrx_word' id='word_1_203' title='bbox 1117 2756 1241 2826; x_wconf 88' lang='lat' dir='ltr'>innata</span> <span class='ocrx_word' id='word_1_204' title='bbox 1291 2804 1292 2813; x_wconf 31' lang='grc' dir='ltr'>ι</span> 
     </span>
     <span class='ocr_line' id='line_1_26' title="bbox 34 2856 1292 2949; baseline -0.002 -19"><span class='ocrx_word' id='word_1_205' title='bbox 34 2872 43 2887; x_wconf 93' lang='grc'><em>’</em></span> <span class='ocrx_word' id='word_1_206' title='bbox 169 2874 269 2946; x_wconf 79' lang='lat' dir='ltr'>sunt,</span> <span class='ocrx_word' id='word_1_207' title='bbox 300 2859 445 2929; x_wconf 86' lang='lat' dir='ltr'>divinae</span> <span class='ocrx_word' id='word_1_208' title='bbox 458 2860 592 2949; x_wconf 82' lang='lat' dir='ltr'>gratiae</span> <span class='ocrx_word' id='word_1_209' title='bbox 606 2859 779 2929; x_wconf 82' lang='lat' dir='ltr'>auxilium</span> <span class='ocrx_word' id='word_1_210' title='bbox 794 2860 888 2930; x_wconf 89' lang='lat' dir='ltr'>nulli</span> <span class='ocrx_word' id='word_1_211' title='bbox 902 2856 1042 2929; x_wconf 90' lang='lat' dir='ltr'>homini</span> <span class='ocrx_word' id='word_1_212' title='bbox 1061 2860 1174 2944; x_wconf 67' lang='lat' dir='ltr'>deest,</span> <span class='ocrx_word' id='word_1_213' title='bbox 1206 2872 1241 2937; x_wconf 83' lang='lat' dir='ltr'>et</span> <span class='ocrx_word' id='word_1_214' title='bbox 1291 2862 1292 2925; x_wconf 75' lang='lat' dir='ltr'>l</span> 
     </span>
     <span class='ocr_line' id='line_1_27' title="bbox 99 2955 1292 3055; baseline -0.006 -20"><span class='ocrx_word' id='word_1_215' title='bbox 99 3020 100 3025; x_wconf 18' lang='grc' dir='ltr'>η</span> <span class='ocrx_word' id='word_1_216' title='bbox 168 2962 361 3035; x_wconf 84' lang='lat' dir='ltr'>reiicienda</span> <span class='ocrx_word' id='word_1_217' title='bbox 383 2976 436 3033; x_wconf 87' lang='lat' dir='ltr'>est</span> <span class='ocrx_word' id='word_1_218' title='bbox 454 2960 523 3032; x_wconf 85' lang='lat' dir='ltr'>Dei</span> <span class='ocrx_word' id='word_1_219' title='bbox 541 2955 821 3054; x_wconf 88' lang='lat' dir='ltr'>misanthropia‚</span> <span class='ocrx_word' id='word_1_220' title='bbox 858 2964 954 3055; x_wconf 78' lang='lat' dir='ltr'>quod</span> <span class='ocrx_word' id='word_1_221' title='bbox 980 2983 1104 3051; x_wconf 78' lang='lat' dir='ltr'>omnes</span> <span class='ocrx_word' id='word_1_222' title='bbox 1124 2963 1240 3031; x_wconf 81' lang='lat' dir='ltr'>salvos</span> <span class='ocrx_word' id='word_1_223' title='bbox 1291 2964 1292 2971; x_wconf 76' lang='grc'>’</span> 
     </span>
     <span class='ocr_line' id='line_1_28' title="bbox 166 3063 1291 3158; baseline -0.003 -23"><span class='ocrx_word' id='word_1_224' title='bbox 166 3067 246 3135; x_wconf 88' lang='lat' dir='ltr'>fieri</span> <span class='ocrx_word' id='word_1_225' title='bbox 263 3066 363 3151; x_wconf 87' lang='lat' dir='ltr'>vult,</span> <span class='ocrx_word' id='word_1_226' title='bbox 396 3079 432 3136; x_wconf 90' lang='lat' dir='ltr'>et</span> <span class='ocrx_word' id='word_1_227' title='bbox 452 3063 736 3156; x_wconf 83' lang='lat' dir='ltr'>prosopolepsia,</span> <span class='ocrx_word' id='word_1_228' title='bbox 769 3079 939 3158; x_wconf 78' lang='lat' dir='ltr'>tanquam</span> <span class='ocrx_word' id='word_1_229' title='bbox 960 3064 1093 3133; x_wconf 85' lang='lat' dir='ltr'>seilicet</span> <span class='ocrx_word' id='word_1_230' title='bbox 1113 3064 1238 3136; x_wconf 87' lang='lat' dir='ltr'>electio</span> <span class='ocrx_word' id='word_1_231' title='bbox 1290 3144 1291 3147; x_wconf 8' lang='grc' dir='ltr'><strong>Ἴ</strong></span> 
     </span>
     <span class='ocr_line' id='line_1_29' title="bbox 96 3165 1236 3258; baseline -0.003 -18"><span class='ocrx_word' id='word_1_232' title='bbox 96 3222 116 3251; x_wconf 75' lang='grc'>,,</span> <span class='ocrx_word' id='word_1_233' title='bbox 166 3165 237 3241; x_wconf 86' lang='lat' dir='ltr'>Dei</span> <span class='ocrx_word' id='word_1_234' title='bbox 255 3168 394 3238; x_wconf 86' lang='lat' dir='ltr'>ratione</span> <span class='ocrx_word' id='word_1_235' title='bbox 418 3181 571 3240; x_wconf 78' lang='lat' dir='ltr'>careret.</span> <span class='ocrx_word' id='word_1_236' title='bbox 611 3165 699 3236; x_wconf 85' lang='lat' dir='ltr'>Pars</span> <span class='ocrx_word' id='word_1_237' title='bbox 720 3180 839 3237; x_wconf 90' lang='lat' dir='ltr'>autem</span> <span class='ocrx_word' id='word_1_238' title='bbox 860 3189 981 3237; x_wconf 85' lang='lat' dir='ltr'>rerum</span> <span class='ocrx_word' id='word_1_239' title='bbox 1004 3167 1236 3258; x_wconf 81' lang='lat' dir='ltr'>praestantis·</span> 
     </span>
    </p>

    <p class='ocr_par' dir='ltr' id='par_1_9' title="bbox 78 3252 1291 3668">
     <span class='ocr_line' id='line_1_30' title="bbox 78 3252 1291 3360; baseline -0.002 -18"><span class='ocrx_word' id='word_1_240' title='bbox 78 3293 81 3298; x_wconf 86' lang='lat'><em>·</em></span> <span class='ocrx_word' id='word_1_241' title='bbox 167 3271 275 3356; x_wconf 88' lang='lat' dir='ltr'>sima,</span> <span class='ocrx_word' id='word_1_242' title='bbox 284 3252 428 3342; x_wconf 87' lang='lat' dir='ltr'>civitas</span> <span class='ocrx_word' id='word_1_243' title='bbox 441 3266 527 3353; x_wconf 90' lang='lat' dir='ltr'>Dei,</span> <span class='ocrx_word' id='word_1_244' title='bbox 556 3270 794 3360; x_wconf 80' lang='lat' dir='ltr'>spectaculum</span> <span class='ocrx_word' id='word_1_245' title='bbox 808 3283 878 3354; x_wconf 87' lang='lat' dir='ltr'>est,</span> <span class='ocrx_word' id='word_1_246' title='bbox 903 3269 1004 3339; x_wconf 87' lang='lat' dir='ltr'>cuius</span> <span class='ocrx_word' id='word_1_247' title='bbox 1018 3270 1063 3338; x_wconf 90' lang='lat' dir='ltr'>ad</span> <span class='ocrx_word' id='word_1_248' title='bbox 1079 3263 1241 3360; x_wconf 89' lang='lat' dir='ltr'>pulchri·</span> <span class='ocrx_word' id='word_1_249' title='bbox 1290 3348 1291 3351; x_wconf 8' lang='grc' dir='ltr'><strong>Ἴ</strong></span> 
     </span>
     <span class='ocr_line' id='line_1_31' title="bbox 167 3371 1290 3490; baseline -0.005 -44"><span class='ocrx_word' id='word_1_250' title='bbox 167 3374 330 3446; x_wconf 87' lang='lat' dir='ltr'>tudinem</span> <span class='ocrx_word' id='word_1_251' title='bbox 345 3375 561 3443; x_wconf 87' lang='lat' dir='ltr'>noscendam</span> <span class='ocrx_word' id='word_1_252' title='bbox 577 3371 770 3490; x_wconf 82' lang='lat' dir='ltr'>aliquando</span> <span class='ocrx_word' id='word_1_253' title='bbox 791 3373 935 3442; x_wconf 87' lang='lat' dir='ltr'>demum</span> <span class='ocrx_word' id='word_1_254' title='bbox 956 3371 1124 3442; x_wconf 87' lang='lat' dir='ltr'>illustrati</span> <span class='ocrx_word' id='word_1_255' title='bbox 1145 3371 1290 3447; x_wconf 53' lang='lat' dir='ltr'>divi-1</span> 
     </span>
     <span class='ocr_line' id='line_1_32' title="bbox 167 3471 1238 3566; baseline -0.005 -19"><span class='ocrx_word' id='word_1_256' title='bbox 167 3497 235 3547; x_wconf 85' lang='lat' dir='ltr'>uae</span> <span class='ocrx_word' id='word_1_257' title='bbox 252 3475 386 3565; x_wconf 82' lang='lat' dir='ltr'>gloriae</span> <span class='ocrx_word' id='word_1_258' title='bbox 406 3474 543 3545; x_wconf 89' lang='lat' dir='ltr'>lumine</span> <span class='ocrx_word' id='word_1_259' title='bbox 562 3474 711 3566; x_wconf 90' lang='lat' dir='ltr'>propius</span> <span class='ocrx_word' id='word_1_260' title='bbox 729 3472 968 3546; x_wconf 85' lang='lat' dir='ltr'>admittemur.</span> <span class='ocrx_word' id='word_1_261' title='bbox 1017 3471 1123 3544; x_wconf 89' lang='lat' dir='ltr'>Nunc</span> <span class='ocrx_word' id='word_1_262' title='bbox 1143 3474 1238 3565; x_wconf 83' lang='lat' dir='ltr'>euim</span> 
     </span>
     <span class='ocr_line' id='line_1_33' title="bbox 168 3575 1237 3668; baseline -0.004 -19"><span class='ocrx_word' id='word_1_263' title='bbox 168 3578 254 3649; x_wconf 86' lang='lat' dir='ltr'>solis</span> <span class='ocrx_word' id='word_1_264' title='bbox 267 3579 352 3649; x_wconf 85' lang='lat' dir='ltr'>{idei</span> <span class='ocrx_word' id='word_1_265' title='bbox 368 3578 499 3663; x_wconf 84' lang='lat' dir='ltr'>oculis,</span> <span class='ocrx_word' id='word_1_266' title='bbox 524 3577 630 3647; x_wconf 91' lang='lat' dir='ltr'>idest</span> <span class='ocrx_word' id='word_1_267' title='bbox 646 3576 789 3646; x_wconf 86' lang='lat' dir='ltr'>divinae</span> <span class='ocrx_word' id='word_1_268' title='bbox 803 3575 1031 3668; x_wconf 85' lang='lat' dir='ltr'>perfectionis</span> <span class='ocrx_word' id='word_1_269' title='bbox 1047 3575 1237 3655; x_wconf 80' lang='lat' dir='ltr'>certissima</span> 
     </span>
    </p>

    <p class='ocr_par' dir='ltr' id='par_1_10' title="bbox 28 3674 1290 3974">
     <span class='ocr_line' id='line_1_34' title="bbox 28 3677 1290 3772; baseline -0.004 -19"><span class='ocrx_word' id='word_1_270' title='bbox 28 3740 53 3762; x_wconf 8' lang='grc' dir='ltr'>,Ἴ</span> <span class='ocrx_word' id='word_1_271' title='bbox 168 3680 298 3753; x_wconf 87' lang='lat' dir='ltr'>liducia</span> <span class='ocrx_word' id='word_1_272' title='bbox 321 3681 458 3770; x_wconf 84' lang='lat' dir='ltr'>adtingi</span> <span class='ocrx_word' id='word_1_273' title='bbox 478 3692 608 3771; x_wconf 85' lang='lat' dir='ltr'>potest:</span> <span class='ocrx_word' id='word_1_274' title='bbox 644 3678 711 3749; x_wconf 88' lang='lat' dir='ltr'>ubi</span> <span class='ocrx_word' id='word_1_275' title='bbox 731 3692 864 3772; x_wconf 89' lang='lat' dir='ltr'>quanto</span> <span class='ocrx_word' id='word_1_276' title='bbox 888 3677 1000 3768; x_wconf 76' lang='lat' dir='ltr'>magis</span> <span class='ocrx_word' id='word_1_277' title='bbox 1013 3702 1088 3748; x_wconf 89' lang='lat' dir='ltr'>nou</span> <span class='ocrx_word' id='word_1_278' title='bbox 1102 3691 1238 3754; x_wconf 82' lang='lat' dir='ltr'>tantum</span> <span class='ocrx_word' id='word_1_279' title='bbox 1289 3704 1290 3765; x_wconf 64' lang='grc' dir='ltr'>ι</span> 
     </span>
     <span class='ocr_line' id='line_1_35' title="bbox 167 3779 1242 3876; baseline -0.002 -23"><span class='ocrx_word' id='word_1_280' title='bbox 167 3782 366 3876; x_wconf 82' lang='lat' dir='ltr'>potentiam</span> <span class='ocrx_word' id='word_1_281' title='bbox 385 3796 420 3852; x_wconf 87' lang='lat' dir='ltr'>et</span> <span class='ocrx_word' id='word_1_282' title='bbox 433 3781 663 3874; x_wconf 88' lang='lat' dir='ltr'>sapientiam,</span> <span class='ocrx_word' id='word_1_283' title='bbox 696 3783 760 3869; x_wconf 83' lang='lat' dir='ltr'>sed</span> <span class='ocrx_word' id='word_1_284' title='bbox 780 3794 814 3850; x_wconf 92' lang='lat' dir='ltr'>et</span> <span class='ocrx_word' id='word_1_285' title='bbox 836 3779 1036 3850; x_wconf 87' lang='lat' dir='ltr'>bonitatem</span> <span class='ocrx_word' id='word_1_286' title='bbox 1056 3788 1242 3871; x_wconf 82' lang='lat' dir='ltr'>supremae</span> 
     </span>
     <span class='ocr_line' id='line_1_36' title="bbox 168 3882 1238 3974; baseline -0.004 -18"><span class='ocrx_word' id='word_1_287' title='bbox 168 3884 299 3957; x_wconf 90' lang='lat' dir='ltr'>mentis</span> <span class='ocrx_word' id='word_1_288' title='bbox 320 3885 473 3956; x_wconf 79' lang='lat' dir='ltr'>exerceri</span> <span class='ocrx_word' id='word_1_289' title='bbox 494 3883 746 3974; x_wconf 83' lang='lat' dir='ltr'>intelligimus,</span> <span class='ocrx_word' id='word_1_290' title='bbox 787 3907 829 3952; x_wconf 90' lang='lat' dir='ltr'>eo</span> <span class='ocrx_word' id='word_1_291' title='bbox 855 3882 967 3974; x_wconf 82' lang='lat' dir='ltr'>magis</span> <span class='ocrx_word' id='word_1_292' title='bbox 996 3882 1238 3955; x_wconf 83' lang='lat' dir='ltr'>incalescimus</span> 
     </span>
    </p>
   </div>
   <div class='ocr_carea' id='block_1_3' title="bbox 204 4068 535 4183">
    <p class='ocr_par' dir='ltr' id='par_1_11' title="bbox 204 4068 535 4183">
     <span class='ocr_line' id='line_1_37' title="bbox 204 4068 535 4183; baseline -0.003 -16"><span class='ocrx_word' id='word_1_293' title='bbox 204 4110 249 4180; x_wconf 83' lang='grc' dir='ltr'>ιι)</span> <span class='ocrx_word' id='word_1_294' title='bbox 267 4110 347 4167; x_wconf 76' lang='lat' dir='ltr'>rom.</span> <span class='ocrx_word' id='word_1_295' title='bbox 361 4109 384 4166; x_wconf 88' lang='grc' dir='ltr'>ι.</span> <span class='ocrx_word' id='word_1_296' title='bbox 402 4112 449 4183; x_wconf 65' lang='grc' dir='ltr'>ις.</span> <span class='ocrx_word' id='word_1_297' title='bbox 464 4068 535 4166; x_wconf 50' lang='grc' dir='ltr'><strong>ιιι(</strong></span> 
     </span>
    </p>
   </div>
   <div class='ocr_carea' id='block_1_4' title="bbox 0 0 1298 4674">
    <p class='ocr_par' dir='ltr' id='par_1_12' title="bbox 0 0 1298 4674">
     <span class='ocr_line' id='line_1_38' title="bbox 0 0 1298 4674; baseline 0 3"><span class='ocrx_word' id='word_1_298' title='bbox 0 0 1298 4674; x_wconf 95' lang='lat' dir='ltr'> </span> 
     </span>
    </p>
   </div>
  </div>
 </body>
</html>
