2588 4674
372 796 721 923 carosi
804 914 809 919 Ι

8 998 74 1070 DE
59 916 431 1123 mosoma
449 992 697 1073 sputozsu
712 992 780 1073 ΕΤ
795 926 1100 1081 mnslrus

180 1094 238 1173 ut
258 1098 634 1176 Pffluosol’fflnu
657 1094 914 1223 tmttlrlt.

8 1252 250 1410 Priusquam
277 1322 323 1389 ad
353 1319 598 1413 explicandam
620 1295 795 1395 Leibnitii
820 1267 1084 1441 philosophiam

8 1418 235 1492 accedamus:
256 1437 291 1493 et
302 1422 561 1515 persprcultatrs
571 1447 673 1493 causa
691 1438 725 1495 et
733 1426 831 1518 quod
847 1408 985 1496 diversa
1001 1421 1087 1519 phi·
1136 1418 1145 1435 ⁸

8 1516 196 1616 losophrae
208 1539 392 1618 systemata
402 1548 477 1618 rpsa
487 1539 560 1595 tam
569 1525 694 1595 rntrme
704 1522 904 1612 cohaerent
916 1542 958 1598 ut
969 1554 1085 1601 unum
1183 1604 1190 1628 ι

8 1652 56 1697 ex
84 1625 195 1699 altero
225 1626 409 1697 evolvatur
437 1640 472 1697 et
501 1627 717 1715 efflorescat,
762 1652 903 1698 necesse
931 1628 1086 1717 videtur,

8 1728 179 1799 distincte
192 1743 274 1799 ante
289 1729 410 1799 oculos
425 1754 619 1821 ponamus,
651 1755 758 1849 quem
778 1732 824 1800 ad
839 1731 948 1800 finem
964 1728 1086 1841 philo·-

9 1826 142 1924 sophia
155 1830 469 1903 anteLcibnitium
491 1833 712 1923 pervenerit,
732 1833 928 1925 praecipue
954 1850 1086 1937 autem,
1131 1836 1135 1847 ”

9 1958 105 2029 quae
120 1957 257 2006 summa
271 1930 379 2005 fuerit
392 1927 640 2027 philosophiae
656 1932 842 2028 Spinozae
862 1977 915 1991 -
935 2011 939 2019 ⁴
975 1996 979 2003 .

98 2010 1087 2133 Cartesrusrectequidem1nfundamentophrlosopluae
1200 2026 1203 2033 ⁴

12 2163 114 2215 suae.
143 2136 295 2230 Cogito
284 2136 366 2230 erg'o
382 2163 479 2225 sum,
500 2130 684 2259 problema
698 2141 808 2210 totius
824 2132 1086 2259 philosophiae,

13 2238 148 2331 scilicet
170 2266 261 2336 qctae
283 2242 330 2311 sit
341 2234 507 2312 identitas
522 2243 576 2319 rei
593 2256 754 2312 extensae
771 2256 804 2312 et
817 2242 872 2311 rei
889 2241 1086 2339 cogitantis,
1201 2281 1208 2297 ·
1285 2324 1286 2339 χ

12 2337 218 2439 proposuit,
251 2337 337 2413 haec
366 2359 484 2413 autem
517 2330 685 2415 identitas
711 2344 915 2414 immediate
945 2357 1085 2414 tantum
1120 2342 1122 2351 ’

13 2447 187 2516 affirmata
209 2460 301 2531 erat,
332 2470 407 2515 non
431 2445 609 2516 intellecta
633 2459 667 2531 et
688 2432 969 2532 demonstrata3
977 2469 1087 2565 quarn
1137 2520 1142 2535 ¹

15 2548 66 2617 ob
87 2573 160 2618 rem
179 2545 390 2618 Cartesius
378 2572 418 2616 ιιι
438 2549 510 2617 fine
533 2526 802 2640 speculationis
808 2571 891 2618 suae
915 2498 1021 2618 sibi
1010 2571 1086 2640 1pse
1141 2566 1148 2585 ⁸

15 2650 239 2739 contradicit,
247 2648 378 2721 dum'et
386 2651 633 2745 cogitationem
644 2663 678 2719 et
688 2650 927 2719 extensionem
929 2648 1087 2769 ,quippe

17 2777 108 2846 quae
127 2753 202 2822 sine
225 2752 436 2843 cogitatione
450 2752 543 2822 clarc
565 2765 600 2822 et
622 2752 786 2823 distincte
806 2753 940 2846 percipi
964 2753 1086 2844 possit,

11 2855 229 2926 substantias
245 2880 317 2945 esse
332 2855 524 2940 constituit,
544 2849 678 2949 hasque
692 2855 779 2925 duas
794 2854 1006 2926 substantias
1020 2879 1087 2947 per
1182 2916 1188 2921 .

17 2957 134 3028 ideam
145 2957 203 3026 vel
215 2939 314 3029 subst
299 2958 446 3041 tantiam
459 2956 684 3028 absolutam
672 2969 766 3026 inter
779 2981 815 3026 se
830 2948 1019 3026 cohaerere
1031 2956 1086 3025 af·

19 3059 181 3134 finnavit.
221 3057 298 3129 Ηιι
310 3084 395 3129 vero
409 3059 593 3147 sententia,
617 3082 719 3153 quae,
739 3053 900 3128 adhibita
913 3060 958 3127 ad
973 3057 1083 3150 expli-

21 3150 165 3232 caudam
179 3161 308 3231 mentis
320 3186 401 3231 cum
417 3185 563 3256 corpore
577 3163 761 3246 unionem,
777 3162 823 3230 ad
835 3159 1085 3231 occasionalis-

20 3289 166 3361 mumq.
178 3264 214 3336 d.
225 3254 448 3335 (artesianos
461 3264 645 3357 perduxit,
669 3261 867 3334 Cartesium
881 3286 999 3333 secum
1015 3262 1104 3354 pu-l

21 3390 127 3471 gnare
155 3366 196 3435 iu
224 3379 345 3459 aperto
376 3379 444 3454 est,
451 3368 582 3460 quod
609 3370 825 3461 quamquam
850 3365 1084 3435 substantiam

22 3458 120 3539 nulla
139 3468 206 3538 alia
232 3493 270 3539 re
292 3467 450 3558 indigere
471 3462 715 3561 perhibuerat,
747 3482 877 3538 tamen
899 3466 1085 3557 cogitatio·-

24 3594 103 3639 nem
130 3582 164 3640 et
192 3571 431 3641 extensionem
461 3572 675 3677 substantias
700 3570 862 3667 absoluta
887 3567 1086 3663 substantia

24 3660 174 3764 indigere
192 3672 370 3765 proponit.

121 3771 237 3865 Quam
253 3775 568 3853 contradictionem
584 3773 745 3844 dissolvit
755 3772 910 3865 Spiuoza
926 3796 989 3863 per
1005 3794 1086 3839 sen·
1175 3814 1180 3825 ι

28 3874 176 3961 tentiam,
189 3902 289 3973 quae
300 3903 367 3969 pro
379 3878 556 3971 principio
571 3868 863 4005 philosophiae
831 3897 907 3944 erus
919 3868 1086 3949 habenda

27 3991 89 4048 ιιι
117 3950 246 4055 Ombis
260 3980 508 4054 determinatio
524 3994 575 4049 est
590 3977 729 4069 negatio
744 3971 784 4075 ¹.)
835 3973 904 4047 Ιιι
907 3976 1003 4067 enim
1025 3998 1086 4044 ex-

60 4170 83 4235 l)
99 4168 181 4239 Epist.
197 4164 246 4224 Sl).¹
282 4127 284 4134 ·

721 4350 725 4358 Ι
806 4242 826 4312 1
