2588 4674
219 450 355 561 potins
353 452 506 525 maxime
521 377 711 545 perfectam
721 422 863 528 reddat.
895 450 1119 542 Οιιιιιιιι,”
1089 480 1120 527 ιι
1133 481 1214 530 non
1231 461 1281 531 nisi

166 569 170 589 ¹
219 552 336 625 tinum
346 526 450 625 soret
467 554 662 657 voluntatis
684 556 864 626 obiectum
887 559 1057 650 possibile
1081 583 1144 631 seu
1169 561 1203 631 si
1227 586 1281 635 nm

153 716 158 729 ι
217 670 357 727 tantum
376 656 559 748 possibilis
576 650 700 729 rernm
715 656 822 727 iacies
841 659 986 746 iniant,
1018 686 1089 756 quo
1114 685 1202 733 casn
1223 688 1281 735 cce

165 756 168 767 “
217 770 313 827 taret
331 757 455 830 electio
478 780 543 829 nec
569 758 739 851 sapientia
758 756 971 855 bonitaeq'ne
986 762 1131 854 ¹ag'ontis
1153 765 1280 837 landan‘

217 873 354 952 posset3
393 860 513 955 itaque
545 873 684 946 errant,
725 875 787 933 aut
810 874 902 932 certe
921 864 1146 936 incommode
1167 868 1280 939 admo-

217 963 305 1035 dum
319 962 529 1057 loquuntur,
551 963 615 1057 qni
631 985 672 1032 ea
687 975 826 1034 tantum
839 965 1023 1057 possibilia
1033 964 1176 1055 dicunt,
1201 994 1278 1064 qnae

216 1075 300 1199 actu
313 1064 405 1136 liunt
418 1087 480 1134 seu
495 1088 585 1158 quae
598 1060 698 1134 Dens
712 1064 818 1156 elegit
827 1061 869 1162 ²).

214 1216 217 1219 '
336 1228 341 1256 ³
428 1210 594 1277 Voluntas
615 1216 799 1277 antecedens
818 1222 854 1278 et
870 1234 1063 1303 consequens.

318 1332 494 1405 Voluntas
510 1298 721 1415 antecedens
737 1334 794 1403 vel
816 1333 1042 1408 inclinatoria
1064 1338 1218 1409 omnino
1236 1364 1276 1411 se·

215 1439 269 1508 ria
284 1451 336 1508 est
350 1450 385 1507 ct
398 1460 507 1529 pura,
533 1458 608 1507 non
630 1434 881 1507 confundenda
902 1438 1183 1512 cumvelleitate
1208 1436 1275 1537 (uti

215 1541 298 1636 quis·
312 1540 436 1624 vellet,
464 1536 500 1606 si
513 1551 631 1629 posset
646 1537 823 1630 velletque
841 1538 979 1636 posse),
1005 1538 1150 1634 quaein
1168 1539 1275 1613 Deum

100 1638 102 1647 ’
214 1664 290 1714 non
305 1640 410 1725 cadit,
428 1662 591 1710 naccum
608 1639 790 1710 voluntate
808 1638 1053 1729 conditionali,
1079 1646 1123 1714 de
1140 1670 1215 1739 qua
1230 1641 1275 1717 hic

214 1769 289 1815 non
312 1742 439 1835 agitur.
499 1739 635 1812 Tendit
661 1754 778 1812 autem
806 1743 972 1817 voluntas
1005 1749 1258 1818 antecedens
1247 1774 1274 1818 ιιι

142 1913 148 1919 .
212 1844 290 1918 Deo
306 1848 352 1916 ad
366 1845 632 1939 procurandum
648 1832 914 1915 omnebonum
928 1849 1023 1918 etad
1040 1849 1274 1941 repellendum

212 1973 318 2020 omne
334 1947 493 2032 malum,
519 1957 694 2041 quatenus
706 1945 791 2017 talia
805 1961 889 2019 sunt
906 1960 940 2020 et
956 1951 1191 2042 proportione
1206 1976 1274 2044 gre.-
1280 2024 1281 2033 ,

209 2054 298 2138 dus,
323 2075 394 2144 quo
411 2049 506 2127 bona
522 2048 665 2118 malave
672 2061 765 2117 sunt.
812 2032 936 2139 Quam
953 2051 1043 2122 seria
1060 2067 1182 2123 antem
1200 2049 1281 2124 haec*

116 2162 119 2173 '
211 2155 376 2225 voluntas
390 2151 454 2235 sit,
486 2147 618 2221 Deus
606 2173 687 2242 ipse
705 2151 915 2239 declaravit,
946 2179 1029 2225 cum
1051 2168 1146 2227 tanta
1164 2159 1281 2239 adser-1

211 2257 353 2326 vatione
368 2253 470 2339 dixit,
495 2276 530 2322 se
543 2252 642 2323 nolle
658 2266 810 2323 mortem
825 2257 1028 2346 peccatoris,
1054 2257 1145 2327 velle
1159 2258 1281 2329 omues

211 2360 343 2445 salvos,
382 2354 499 2471 pdisse
523 2367 717 2448 peccatum.
749 2396 801 2409 -
864 2354 1042 2430 Voluntas
1063 2385 1274 2461 consequens

209 2461 327 2531 oritur
340 2484 382 2530 cx
387 2452 555 2530 omniurn
566 2454 792 2527 voluntatum
804 2461 1086 2531 antecedentium
1097 2487 1275 2548 concursu,

208 2578 250 2635 ut
266 2562 414 2648 scilicet,
447 2562 590 2654 quando
611 2558 774 2631 omniunt
797 2560 939 2633 effectus
963 2562 1071 2633 simul
1092 2577 1187 2635 stare
1210 2590 1274 2635 noo

207 2677 375 2760 possunt,
406 2661 610 2753 obtineatur
636 2661 721 2731 inde
745 2676 906 2755 quantus
929 2665 1106 2735 maximus
1136 2665 1272 2737 effectus

209 2791 273 2860 per
293 2765 501 2860 sapientiam
516 2778 551 2836 et
565 2764 760 2857 potentiam
779 2752 968 2859 obtineri'
950 2780 1064 2859 potest
1076 2762 1117 2864 ³.)
1176 2832 1179 2845 ,

307 2942 311 2953 ·
424 2909 585 2975 Voluntas
596 2914 791 2997 productiva
812 2923 842 2976 et
861 2919 1059 2998 permissivo,

305 3031 485 3105 Posterior
514 3028 708 3103 voluntatis
734 3031 863 3103 divisio
894 3047 946 3103 est
969 3034 1023 3103 in
1031 3035 1280 3153 productivum

102 3194 108 3221 ,
208 3126 301 3209 circa
334 3134 499 3229 proprios
530 3147 627 3205 actus
663 3134 697 3203 et
726 3128 974 3228 permissivam
1009 3137 1101 3207 circa
1133 3136 1272 3208 alienos

201 3234 393 3330 'Quaedam
424 3236 518 3305 enim
548 3236 728 3307 interdum
746 3237 952 3329 permittere
972 3236 1055 3308 licet
1078 3236 1126 3333 (i.
1149 3265 1182 3315 e.
1208 3264 1272 3311 noo

209 3338 397 3437 impedire)
420 3362 510 3431 quae
532 3340 646 3409 lacere
675 3363 750 3409 non
779 3339 881 3426 licet,
919 3340 1017 3411 velot
1044 3355 1206 3434 peccata3
1248 3359 1271 3411 ct

88 3460 92 3471 ·
207 3442 433 3540 permissivae
447 3441 641 3511 voluntatis
655 3440 835 3512 obiectum
853 3442 1038 3534 proprium
1061 3467 1134 3514 ιιιιιι
1154 3444 1196 3514 id
1217 3459 1270 3527 est

208 3546 305 3646 quod
318 3542 545 3642 permittitur,
566 3545 626 3615 sed
638 3544 826 3645 permissio
843 3543 918 3636 ipsa
928 3541 990 3639 ⁴).·

420 3700 468 3775 De
487 3704 611 3764 ratione
629 3704 755 3765 ιιοῑιιιιὶί
774 3721 829 3765 seu
849 3701 888 3765 de
908 3699 988 3766 bono
1007 3710 1038 3773 et
1059 3704 1154 3764 malo.
1278 3690 1279 3697 ἵ

307 3819 416 3913 Quod
429 3821 558 3901 deinde
573 3819 697 3901 attinet
714 3822 759 3890 ad
779 3820 954 3892 rationem
974 3820 1121 3889 volendi
1145 3845 1211 3894 scu
1234 3826 1268 3895 ad

106 3915 109 3921 ’
205 3929 342 3998 boumn
359 3937 394 3994 et
413 3924 567 4006 malum,
594 3935 787 4016 utrumqne
808 3921 937 4015 triplex
960 3933 1028 4004 est,
1060 3919 1268 4020 metaphysi-

236 4084 398 4225 {stopa}
408 4068 560 4205 ²agatensi
582 4083 609 4151 ς.
622 4080 749 4137 ao-ta
818 4079 846 4149 8)
863 4080 931 4139 ibid
950 4081 1134 4151 §.244ss

314 4171 323 4207 ι
