2588 4674
723 346 725 355 ,
982 352 987 359 1
1035 256 1097 337 δι’

8 366 161 505 nidmu
184 429 239 503 'ab
264 376 556 521 dccasionalisnio
579 424 786 519 Cartetiano
816 351 960 499 differre
986 366 1084 507 aldt-

8 512 161 643 oratl).
167 504 553 621 Leihni‘tiusrationes
566 531 724 603 diversas
739 529 912 603 unionem
923 532 1085 625 ιιιιριιιιι1
1148 590 1166 631 ,

8 653 40 709 et
52 634 167 711 animi
155 630 385 733 explicandi
398 633 560 729 exemplo
576 657 598 702 a
610 633 752 702 duobus
762 627 962 727 horologiis
968 636 1081 725 petito

8 738 186 833 illustrare
207 727 364 830 solet⁷).
408 733 580 830 systema
586 727 728 828 physici
752 734 910 807 influxus
936 759 1105 828 reprae-·

8 838 139 927 tentari
160 860 246 945 per
247 838 319 909 duo
343 828 547 927 horologia,
586 860 677 930 quae
697 836 933 908 instrumento
959 838 1080 933 aliquo
1250 919 1253 927 ‚

8 932 194 1035 coniuncta
208 952 422 1037 congruant3
455 951 606 1035 systema
622 938 907 1023 occasionalismi
928 963 994 1031 per
1012 935 1083 1012 lio-
1158 942 1164 957 “
1196 972 1201 986 ’
1285 964 1286 1015 3

8 1042 152 1147 rologia
156 1024 252 1131 pisale
265 1053 483 1143 constructa,
487 1064 619 1144 quae
628 1054 670 1111 ut
682 1055 886 1132 congruant
904 1042 1080 1113 directore
1135 1132 1137 1139 y

8 1146 126 1263 aliquo
144 1112 350 1239 indigeant,
391 1155 544 1237 systema
561 1134 723 1237 denique
744 1137 953 1217 harmoniae
974 1169 1081 1249 prae-

8 1244 180 1331 stabilitas
192 1270 257 1363 per
270 1240 473 1364 horologia,
499 1269 589 1339 quae
607 1268 674 1337 per
684 1268 785 1319 stiam
801 1245 962 1338 ipsorum
976 1270 1082 1339 prae·
1185 1292 1190 1299 ·

8 1348 177 1427 stantiam
181 1366 258 1419 ame
266 1370 423 1425 cinusvis
433 1346 567 1417 auxilio
581 1346 788 1420 consentian
790 1343 949 1449 Quod
962 1373 1080 1419 exem

8 1432 127 1546 pluui
134 1449 285 1549 maxime
314 1442 581 1519 claudicarem
610 1463 731 1541 aperto
751 1462 818 1531 est.
875 1448 1082 1525 Leibnitius
1163 1514 1168 1525 ,

8 1554 108 1647 enim
105 1566 240 1623 contra
240 1542 588 1625 occasionalisotum
604 1545 805 1637 invehitur,
840 1546 956 1645 quod
953 1576 1081 1626 secun*
1157 1606 1160 1623 ι

8 1642 114 1726 dum
109 1678 327 1727 cumrerum
345 1668 494 1740 natura,
526 1677 672 1761 quippe
667 1651 749 1723 Deo
774 1677 816 1723 ex
838 1638 1034 1726 machina
1022 1680 1082 1726 in·
1149 1715 1153 1725 .
1200 1666 1204 1675 “

8 1757 132 1848 digent
147 1757 239 1826 male
255 1756 403 1833 fundata
418 1756 475 1828 sit.
518 1753 575 1827 At
594 1742 759 1827 natdram
781 1755 874 1827 male
894 1757 1082 1831 fundatam
1102 1750 1104 1765 '

8 1883 99 1944 esse,
115 1850 216 1933 sicut
229 1858 293 1927 illa
304 1852 493 1948 horologia
506 1851 600 1927 male
612 1869 832 1943 constructa,
854 1859 957 1929 nullo
972 1860 1096 1947 niodo’

8 1954 342 2061 inoccasionalismi
357 1959 530 2031 sententia
546 1958 649 2033 inest.
701 1958 929 2037 Substantias
948 1961 1001 2032 rei
1020 1985 1081 2031 ex·
1144 1978 1148 1991 ’
1255 1974 1286 2005 ‘¹

8 2044 128 2161 tensae
151 2075 186 2134 et
206 2063 260 2133 rei
283 2061 471 2169 cogitantis
490 2084 566 2135 uon
576 2054 673 2145 ideo
680 2058 761 2135 Deo
776 2063 1006 2163 coniunctore
1022 2063 1081 2133 in-
1172 2110 1176 2118 ·
1220 2104 1226 2123 .

8 2166 150 2259 digent,
170 2165 287 2258 quod
300 2157 403 2239 male
427 2177 564 2235 creatae
591 2178 627 2235 et
648 2165 858 2236 constitutae
882 2180 982 2253 sunt,
1018 2167 1082 2239 sed

8 2268 105 2362 quod
121 2280 205 2339 sunt
227 2256 463 2353 substantiae,
495 2267 628 2362 quippe
651 2290 741 2363 quae
760 2288 797 2339 se
816 2280 956 2343 tanturn
976 2270 1024 2339 ιιι
1040 2292 1083 2338 se

8 2370 182 2455 referant·
213 2373 307 2440 recte
322 2369 430 2468 igitur
448 2366 690 2455 concluditur,
720 2368 898 2463 siquidem
916 2344 1082 2442 substan·
1162 2374 1167 2387 “

8 2472 93 2542 tiam
108 2421 212 2541 nulla
226 2494 267 2541 re
283 2471 444 2562 indigere
460 2485 616 2557 constat,
649 2493 706 2543 eas
725 2495 802 2542 non
821 2494 895 2541 esse
916 2473 1081 2544 substan·-
1152 2514 1159 2525 =
1202 2486 1204 2493 ’

8 2570 85 2651 tias.
134 2570 321 2645 Praeterea
335 2599 421 2644 vero
438 2573 478 2643 in
494 2573 557 2643 illa
573 2573 746 2644 sententia
765 2568 826 2644 hic
848 2574 1035 2646 desectus
1024 2598 1110 2657 in·¹
1169 2593 1172 2613 ¹

8 2690 76 2763 est,
110 2676 209 2770 quod
232 2670 319 2746 hacc
340 2673 408 2746 Dei
429 2662 636 2747 assistentia
648 2698 782 2771 neque
785 2700 828 2745 cr
848 2675 996 2748 notione
1010 2672 1096 2777 Dei,
1179 2722 1187 2733 ι

8 2801 122 2875 neque
137 2800 179 2847 ex
195 2777 343 2849 notione
356 2777 573 2851 substantiae
587 2777 792 2863 deducitur,
817 2802 927 2871 quam
942 2780 1081 2863 obrem

8 2874 66 2951 hic
91 2901 174 2950 vere
194 2876 293 2951 Deus
314 2904 357 2951 ex
379 2874 544 2950 machina
566 2893 628 2953 est.
681 2874 743 2950 Ex
762 2876 974 2952 Leihnitii
960 2896 1095 2961 autent
1130 2878 1140 2947 s
1167 2926 1178 2971 χ

8 2978 193 3075 principiis
208 2982 295 3074 ipsis
309 2981 525 3063 substantiae
542 3007 565 3052 a
577 2974 675 3066 Deo,
698 2980 897 3074 substantia
912 2984 1085 3073 absoluta,
1099 3019 1103 3038 =

8 3098 146 3156 creatae
160 3098 245 3159 sunt
260 3097 294 3154 et
307 3076 507 3203 separantur.
557 3080 703 3154 Creatae
718 3097 838 3154 autem
854 3068 1083 3184 substantiae,
1128 3167 1131 3171 ,
1194 3148 1196 3153 ,

8 3208 121 3280 quae
114 3182 283 3261 sineDeo
301 3199 448 3257 existere
464 3199 663 3295 nequeunt,
690 3186 736 3255 ad
748 3180 866 3257 Deum
882 3203 918 3258 et
932 3211 969 3256 se
988 3188 1083 3283 ipsas
1144 3260 1153 3267 q

8 3302 148 3361 tantum
163 3301 337 3380 spectant,
369 3286 464 3359 idter
485 3309 521 3356 se
543 3300 662 3373 autern
683 3289 825 3387 nulluni
844 3284 981 3362 habent
996 3313 1081 3361 con-

8 3414 157 3476 nexum3
196 3394 237 3460 ut
263 3414 349 3460 vero
380 3389 421 3459 in
448 3389 794 3483 manifestationibus
823 3406 860 3465 et
883 3387 1085 3465 actionibus

9 3490 250 3578 consentiant,
287 3515 448 3587 quaeque
470 3506 552 3562 cum
581 3506 676 3563 certo
705 3494 818 3587 gradu
845 3495 1084 3587 perceptionis

9 3608 170 3695 respectu
192 3593 356 3689 omniunt
379 3586 456 3677 iani
472 3608 587 3666 creata
610 3607 673 3669 est.
722 3591 816 3697 Curp
836 3620 922 3668 vero
943 3592 985 3667 hi
999 3597 1088 3671 certi

9 3684 139 3797 gradus
154 3720 230 3766 non
247 3721 289 3767 ex
305 3693 453 3767 notione
470 3709 505 3766 et
520 3711 648 3783 natura
663 3697 903 3799 substantiae
892 3698 1015 3797 ipsius
1022 3701 1110 3795 de7

8 3798 117 3869 rivati
117 3797 217 3891 sint,
251 3798 361 3869 sed
332 3823 413 3869 sine
427 3797 640 3877 deductione
663 3800 857 3871 necessaria
876 3815 1087 3889 asserantur,
1201 3812 1205 3820 ’

8 3880 253 3994 praestabilita
278 3878 506 3974 harmonia
494 3924 535 3970 ιιι
559 3924 599 3969 re
624 3900 700 3992 ipsa
732 3900 778 3972 ab
809 3900 1139 3997 occasionalismi·

41 4090 916 4276 ottom.lt.p.1,pg.1u3.'ttTomdtptpgfft
1140 4102 1142 4111 Ι
